Date,Time,MID_PRICE,BID_SIZE,BID_PRICE,ASK_PRICE,ASK_SIZE
2025-10-01,09:15:00.000,385.5,225.0,384.05,386.95,225.0
2025-10-01,09:15:01.000,385.5,225.0,384.05,386.95,225.0
2025-10-01,09:15:02.000,385.5,225.0,384.05,386.95,225.0
2025-10-01,09:15:03.000,385.5,225.0,384.05,386.95,225.0
2025-10-01,09:15:04.000,385.5,225.0,384.05,386.95,225.0
2025-10-01,09:15:05.000,385.5,225.0,384.05,386.95,225.0
2025-10-01,09:15:06.000,385.5,225.0,384.05,386.95,225.0
2025-10-01,09:15:07.000,385.5,225.0,384.05,386.95,225.0
2025-10-01,09:15:08.000,385.5,225.0,384.05,386.95,225.0
2025-10-01,09:15:09.000,385.5,225.0,384.05,386.95,225.0
2025-10-01,09:15:10.000,385.5,225.0,384.05,386.95,225.0
2025-10-01,09:15:11.000,385.5,225.0,384.05,386.95,225.0
2025-10-01,09:15:12.000,385.5,225.0,384.05,386.95,225.0
2025-10-01,09:15:13.000,385.5,225.0,384.05,386.95,225.0
2025-10-01,09:15:14.000,385.5,225.0,384.05,386.95,225.0
2025-10-01,09:15:15.000,385.5,225.0,384.05,386.95,225.0
2025-10-01,09:15:16.000,385.5,225.0,384.05,386.95,225.0
2025-10-01,09:15:17.000,385.5,225.0,384.05,386.95,225.0
2025-10-01,09:15:18.000,385.5,225.0,384.05,386.95,225.0
2025-10-01,09:15:19.000,385.5,225.0,384.05,386.95,225.0
2025-10-01,09:15:20.000,385.5,225.0,384.05,386.95,225.0
2025-10-01,09:15:21.000,385.5,225.0,384.05,386.95,225.0
2025-10-01,09:15:22.000,385.5,225.0,384.05,386.95,225.0
2025-10-01,09:15:23.000,385.5,225.0,384.05,386.95,225.0
2025-10-01,09:15:24.000,385.5,225.0,384.05,386.95,225.0
2025-10-01,09:15:25.000,385.5,225.0,384.05,386.95,225.0
2025-10-01,09:15:26.000,385.5,225.0,384.05,386.95,225.0
2025-10-01,09:15:27.000,385.5,225.0,384.05,386.95,225.0
2025-10-01,09:15:28.000,385.5,225.0,384.05,386.95,225.0
2025-10-01,09:15:29.000,385.5,225.0,384.05,386.95,225.0
2025-10-01,09:15:30.000,384.55,225.0,383.15,385.95,225.0
2025-10-01,09:15:31.000,385.38,225.0,384.05,386.7,675.0
2025-10-01,09:15:32.000,385.38,225.0,384.05,386.7,675.0
2025-10-01,09:15:33.000,382.8,225.0,381.15,384.45,450.0
2025-10-01,09:15:34.000,382.7,150.0,381.15,384.25,450.0
2025-10-01,09:15:35.000,381.3,375.0,380.05,382.55,150.0
2025-10-01,09:15:36.000,381.3,375.0,380.05,382.55,150.0
2025-10-01,09:15:37.000,382.25,375.0,380.05,384.45,375.0
2025-10-01,09:15:38.000,383.15,150.0,382.05,384.25,150.0
2025-10-01,09:15:39.000,383.15,150.0,382.05,384.25,150.0
2025-10-01,09:15:40.000,381.58,375.0,380.1,383.05,150.0
2025-10-01,09:15:41.000,381.35,150.0,380.05,382.65,375.0
2025-10-01,09:15:42.000,382.48,150.0,381.05,383.9,150.0
2025-10-01,09:15:43.000,382.48,150.0,381.05,383.9,150.0
2025-10-01,09:15:44.000,382.5,150.0,381.05,383.95,150.0
2025-10-01,09:15:45.000,382.5,375.0,381.05,383.95,150.0
2025-10-01,09:15:46.000,382.5,375.0,381.05,383.95,150.0
2025-10-01,09:15:47.000,382.55,375.0,381.05,384.05,150.0
2025-10-01,09:15:48.000,382.55,375.0,381.05,384.05,150.0
2025-10-01,09:15:49.000,383.5,375.0,382.05,384.95,150.0
2025-10-01,09:15:50.000,384.05,150.0,382.4,385.7,150.0
2025-10-01,09:15:51.000,383.98,375.0,382.1,385.85,375.0
2025-10-01,09:15:52.000,383.52,375.0,382.1,384.95,150.0
2025-10-01,09:15:53.000,383.52,375.0,382.1,384.95,150.0
2025-10-01,09:15:54.000,384.5,150.0,383.05,385.95,375.0
2025-10-01,09:15:55.000,385.88,150.0,384.05,387.7,150.0
2025-10-01,09:15:56.000,386.3,150.0,385.05,387.55,375.0
2025-10-01,09:15:57.000,386.3,150.0,385.05,387.55,375.0
2025-10-01,09:15:58.000,385.5,150.0,384.05,386.95,375.0
2025-10-01,09:15:59.000,385.95,375.0,384.05,387.85,150.0
2025-10-01,09:16:00.000,384.5,150.0,383.05,385.95,150.0
2025-10-01,09:16:01.000,384.5,150.0,383.05,385.95,150.0
2025-10-01,09:16:02.000,386.45,150.0,385.05,387.85,150.0
2025-10-01,09:16:03.000,386.5,375.0,385.05,387.95,150.0
2025-10-01,09:16:04.000,384.95,375.0,383.05,386.85,375.0
2025-10-01,09:16:05.000,384.95,375.0,383.05,386.85,375.0
2025-10-01,09:16:06.000,384.45,150.0,383.05,385.85,375.0
2025-10-01,09:16:07.000,383.5,150.0,382.05,384.95,375.0
2025-10-01,09:16:08.000,381.22,150.0,378.8,383.65,375.0
2025-10-01,09:16:09.000,381.22,150.0,378.8,383.65,375.0
2025-10-01,09:16:10.000,382.2,150.0,381.05,383.35,450.0
2025-10-01,09:16:11.000,383.5,375.0,382.05,384.95,150.0
2025-10-01,09:16:12.000,383.2,375.0,382.05,384.35,150.0
2025-10-01,09:16:13.000,383.2,375.0,382.05,384.35,150.0
2025-10-01,09:16:14.000,384.08,150.0,383.05,385.1,375.0
2025-10-01,09:16:15.000,383.1,150.0,382.05,384.15,75.0
2025-10-01,09:16:16.000,383.5,375.0,382.05,384.95,150.0
2025-10-01,09:16:17.000,383.5,375.0,382.05,384.95,150.0
2025-10-01,09:16:18.000,385.48,150.0,384.05,386.9,150.0
2025-10-01,09:16:19.000,386.0,375.0,384.05,387.95,375.0
2025-10-01,09:16:20.000,385.6,150.0,383.25,387.95,375.0
2025-10-01,09:16:21.000,385.6,150.0,383.25,387.95,375.0
2025-10-01,09:16:22.000,385.5,375.0,384.05,386.95,150.0
2025-10-01,09:16:23.000,385.0,375.0,383.05,386.95,375.0
2025-10-01,09:16:24.000,385.0,150.0,383.05,386.95,150.0
2025-10-01,09:16:25.000,385.0,150.0,383.05,386.95,150.0
2025-10-01,09:16:26.000,385.0,375.0,383.05,386.95,375.0
2025-10-01,09:16:27.000,384.95,150.0,383.05,386.85,375.0
2025-10-01,09:16:28.000,384.0,375.0,382.05,385.95,375.0
2025-10-01,09:16:29.000,384.5,375.0,383.05,385.95,150.0
2025-10-01,09:16:30.000,384.5,375.0,383.05,385.95,150.0
2025-10-01,09:16:31.000,384.9,375.0,383.05,386.75,375.0
2025-10-01,09:16:32.000,383.5,375.0,382.05,384.95,150.0
2025-10-01,09:16:33.000,383.5,375.0,382.05,384.95,150.0
2025-10-01,09:16:34.000,383.9,375.0,382.05,385.75,375.0
2025-10-01,09:16:35.000,384.35,375.0,383.05,385.65,150.0
2025-10-01,09:16:36.000,386.0,150.0,384.05,387.95,375.0
2025-10-01,09:16:37.000,386.0,150.0,384.05,387.95,375.0
2025-10-01,09:16:38.000,386.35,375.0,385.05,387.65,150.0
2025-10-01,09:16:39.000,387.83,375.0,386.05,389.6,375.0
2025-10-01,09:16:40.000,387.48,375.0,386.15,388.8,75.0
2025-10-01,09:16:41.000,387.48,375.0,386.15,388.8,75.0
2025-10-01,09:16:42.000,389.33,150.0,388.05,390.6,75.0
2025-10-01,09:16:43.000,389.45,150.0,388.05,390.85,375.0
2025-10-01,09:16:44.000,389.45,150.0,388.05,390.85,375.0
2025-10-01,09:16:45.000,388.3,375.0,387.05,389.55,150.0
2025-10-01,09:16:46.000,387.65,150.0,386.05,389.25,375.0
2025-10-01,09:16:47.000,388.5,375.0,387.05,389.95,150.0
2025-10-01,09:16:48.000,388.5,375.0,387.05,389.95,150.0
2025-10-01,09:16:49.000,388.25,375.0,387.05,389.45,150.0
2025-10-01,09:16:50.000,387.25,375.0,386.05,388.45,150.0
2025-10-01,09:16:51.000,387.25,375.0,386.05,388.45,150.0
2025-10-01,09:16:52.000,386.3,150.0,385.05,387.55,375.0
2025-10-01,09:16:53.000,387.5,150.0,386.05,388.95,150.0
2025-10-01,09:16:54.000,386.9,375.0,385.05,388.75,375.0
2025-10-01,09:16:55.000,386.9,375.0,385.05,388.75,375.0
2025-10-01,09:16:56.000,387.3,375.0,386.05,388.55,150.0
2025-10-01,09:16:57.000,387.38,375.0,386.05,388.7,75.0
2025-10-01,09:16:58.000,388.0,375.0,386.15,389.85,375.0
2025-10-01,09:16:59.000,388.0,375.0,386.15,389.85,375.0
2025-10-01,09:17:00.000,386.95,150.0,386.0,387.9,75.0
2025-10-01,09:17:01.000,387.15,150.0,386.0,388.3,75.0
2025-10-01,09:17:02.000,387.15,150.0,386.0,388.3,75.0
2025-10-01,09:17:03.000,387.72,150.0,387.0,388.45,75.0
2025-10-01,09:17:04.000,387.98,150.0,387.0,388.95,150.0
2025-10-01,09:17:05.000,387.95,150.0,387.0,388.9,150.0
2025-10-01,09:17:06.000,387.95,150.0,387.0,388.9,150.0
2025-10-01,09:17:07.000,388.02,150.0,387.0,389.05,150.0
2025-10-01,09:17:08.000,387.98,150.0,387.0,388.95,150.0
2025-10-01,09:17:09.000,387.98,150.0,387.0,388.95,150.0
2025-10-01,09:17:10.000,388.22,75.0,387.05,389.4,150.0
2025-10-01,09:17:11.000,388.02,150.0,387.0,389.05,75.0
2025-10-01,09:17:12.000,387.85,150.0,386.0,389.7,150.0
2025-10-01,09:17:13.000,387.85,150.0,386.0,389.7,150.0
2025-10-01,09:17:14.000,387.0,150.0,386.0,388.0,150.0
2025-10-01,09:17:15.000,386.15,150.0,385.0,387.3,150.0
2025-10-01,09:17:16.000,386.02,150.0,385.0,387.05,150.0
2025-10-01,09:17:17.000,386.02,150.0,385.0,387.05,150.0
2025-10-01,09:17:18.000,385.18,150.0,384.0,386.35,75.0
2025-10-01,09:17:19.000,384.78,150.0,384.0,385.55,75.0
2025-10-01,09:17:20.000,384.78,150.0,384.0,385.55,75.0
2025-10-01,09:17:21.000,383.85,75.0,383.05,384.65,150.0
2025-10-01,09:17:22.000,384.95,150.0,384.0,385.9,75.0
2025-10-01,09:17:23.000,383.22,75.0,383.05,383.4,75.0
2025-10-01,09:17:24.000,383.22,75.0,383.05,383.4,75.0
2025-10-01,09:17:25.000,381.48,150.0,381.0,381.95,75.0
2025-10-01,09:17:26.000,382.02,150.0,381.0,383.05,150.0
2025-10-01,09:17:27.000,382.02,150.0,381.0,383.05,150.0
2025-10-01,09:17:28.000,380.55,225.0,379.4,381.7,150.0
2025-10-01,09:17:29.000,381.15,300.0,380.1,382.2,150.0
2025-10-01,09:17:30.000,381.3,150.0,380.0,382.6,150.0
2025-10-01,09:17:31.000,381.3,150.0,380.0,382.6,150.0
2025-10-01,09:17:32.000,380.45,150.0,380.0,380.9,75.0
2025-10-01,09:17:33.000,380.52,150.0,380.0,381.05,150.0
2025-10-01,09:17:34.000,380.52,150.0,380.0,381.05,150.0
2025-10-01,09:17:35.000,381.62,225.0,380.95,382.3,150.0
2025-10-01,09:17:36.000,382.32,225.0,380.7,383.95,375.0
2025-10-01,09:17:37.000,381.0,225.0,380.3,381.7,150.0
2025-10-01,09:17:38.000,381.0,225.0,380.3,381.7,150.0
2025-10-01,09:17:39.000,379.35,225.0,378.7,380.0,150.0
2025-10-01,09:17:40.000,379.75,225.0,379.05,380.45,150.0
2025-10-01,09:17:41.000,379.75,225.0,379.05,380.45,150.0
2025-10-01,09:17:42.000,379.15,225.0,378.55,379.75,150.0
2025-10-01,09:17:43.000,379.48,150.0,379.0,379.95,150.0
2025-10-01,09:17:44.000,379.75,375.0,379.05,380.45,150.0
2025-10-01,09:17:45.000,379.75,375.0,379.05,380.45,150.0
2025-10-01,09:17:46.000,379.65,525.0,379.0,380.3,150.0
2025-10-01,09:17:47.000,381.1,375.0,380.4,381.8,150.0
2025-10-01,09:17:48.000,382.52,375.0,381.95,383.1,150.0
2025-10-01,09:17:49.000,382.52,375.0,381.95,383.1,150.0
2025-10-01,09:17:50.000,382.18,375.0,381.5,382.85,150.0
2025-10-01,09:17:51.000,382.38,375.0,381.7,383.05,75.0
2025-10-01,09:17:52.000,382.38,375.0,381.7,383.05,75.0
2025-10-01,09:17:53.000,380.62,150.0,380.0,381.25,150.0
2025-10-01,09:17:54.000,379.62,150.0,379.0,380.25,150.0
2025-10-01,09:17:55.000,379.45,150.0,379.0,379.9,150.0
2025-10-01,09:17:56.000,379.45,150.0,379.0,379.9,150.0
2025-10-01,09:17:57.000,379.25,225.0,378.5,380.0,150.0
2025-10-01,09:17:58.000,378.55,150.0,378.0,379.1,150.0
2025-10-01,09:17:59.000,378.55,150.0,378.0,379.1,150.0
2025-10-01,09:18:00.000,376.7,225.0,376.05,377.35,150.0
2025-10-01,09:18:01.000,375.78,150.0,375.0,376.55,150.0
2025-10-01,09:18:02.000,375.85,225.0,375.0,376.7,75.0
2025-10-01,09:18:03.000,375.85,225.0,375.0,376.7,75.0
2025-10-01,09:18:04.000,378.92,150.0,378.0,379.85,150.0
2025-10-01,09:18:05.000,377.52,75.0,376.3,378.75,150.0
2025-10-01,09:18:06.000,377.52,75.0,376.3,378.75,150.0
2025-10-01,09:18:07.000,378.22,150.0,377.65,378.8,75.0
2025-10-01,09:18:08.000,378.62,150.0,378.0,379.25,150.0
2025-10-01,09:18:09.000,378.62,150.0,378.0,379.25,150.0
2025-10-01,09:18:10.000,378.88,150.0,378.25,379.5,150.0
2025-10-01,09:18:11.000,378.52,150.0,378.0,379.05,150.0
2025-10-01,09:18:12.000,377.92,150.0,377.25,378.6,150.0
2025-10-01,09:18:13.000,377.92,150.0,377.25,378.6,150.0
2025-10-01,09:18:14.000,378.02,150.0,377.3,378.75,150.0
2025-10-01,09:18:15.000,377.95,150.0,377.25,378.65,150.0
2025-10-01,09:18:16.000,377.95,150.0,377.25,378.65,150.0
2025-10-01,09:18:17.000,377.65,150.0,377.1,378.2,225.0
2025-10-01,09:18:18.000,377.12,75.0,376.55,377.7,150.0
2025-10-01,09:18:19.000,376.9,75.0,376.3,377.5,150.0
2025-10-01,09:18:20.000,376.9,75.0,376.3,377.5,150.0
2025-10-01,09:18:21.000,378.48,150.0,378.0,378.95,150.0
2025-10-01,09:18:22.000,378.55,150.0,378.0,379.1,150.0
2025-10-01,09:18:23.000,378.55,150.0,378.0,379.1,150.0
2025-10-01,09:18:24.000,378.65,150.0,378.0,379.3,150.0
2025-10-01,09:18:25.000,378.82,150.0,378.0,379.65,75.0
2025-10-01,09:18:26.000,377.82,150.0,377.0,378.65,75.0
2025-10-01,09:18:27.000,377.82,150.0,377.0,378.65,75.0
2025-10-01,09:18:28.000,378.98,150.0,378.0,379.95,75.0
2025-10-01,09:18:29.000,379.58,150.0,379.0,380.15,75.0
2025-10-01,09:18:30.000,378.95,375.0,378.0,379.9,150.0
2025-10-01,09:18:31.000,378.95,375.0,378.0,379.9,150.0
2025-10-01,09:18:32.000,379.18,375.0,378.0,380.35,150.0
2025-10-01,09:18:33.000,381.45,150.0,381.0,381.9,75.0
2025-10-01,09:18:34.000,381.45,150.0,381.0,381.9,75.0
2025-10-01,09:18:35.000,380.28,150.0,380.0,380.55,75.0
2025-10-01,09:18:36.000,380.58,150.0,380.0,381.15,75.0
2025-10-01,09:18:37.000,380.58,150.0,380.0,381.15,75.0
2025-10-01,09:18:38.000,380.18,225.0,379.0,381.35,150.0
2025-10-01,09:18:39.000,379.8,150.0,379.0,380.6,150.0
2025-10-01,09:18:40.000,380.08,150.0,379.0,381.15,75.0
2025-10-01,09:18:41.000,380.08,150.0,379.0,381.15,75.0
2025-10-01,09:18:42.000,379.52,150.0,379.0,380.05,75.0
2025-10-01,09:18:43.000,378.78,75.0,378.2,379.35,75.0
2025-10-01,09:18:44.000,378.78,75.0,378.2,379.35,75.0
2025-10-01,09:18:45.000,378.78,75.0,378.2,379.35,150.0
2025-10-01,09:18:46.000,378.78,75.0,378.2,379.35,150.0
2025-10-01,09:18:47.000,380.62,375.0,380.0,381.25,150.0
2025-10-01,09:18:48.000,380.58,75.0,379.9,381.25,150.0
2025-10-01,09:18:49.000,380.58,75.0,379.9,381.25,150.0
2025-10-01,09:18:50.000,379.68,75.0,379.05,380.3,150.0
2025-10-01,09:18:51.000,379.68,75.0,379.05,380.3,150.0
2025-10-01,09:18:52.000,380.28,75.0,379.65,380.9,75.0
2025-10-01,09:18:53.000,379.98,150.0,379.0,380.95,150.0
2025-10-01,09:18:54.000,379.98,150.0,379.0,380.95,150.0
2025-10-01,09:18:55.000,381.18,75.0,380.1,382.25,150.0
2025-10-01,09:18:56.000,381.18,75.0,380.1,382.25,150.0
2025-10-01,09:18:57.000,380.68,150.0,380.0,381.35,150.0
2025-10-01,09:18:58.000,381.15,150.0,380.0,382.3,150.0
2025-10-01,09:18:59.000,381.15,150.0,380.0,382.3,150.0
2025-10-01,09:19:00.000,381.28,150.0,380.0,382.55,75.0
2025-10-01,09:19:01.000,381.28,150.0,380.0,382.55,75.0
2025-10-01,09:19:02.000,383.45,150.0,383.0,383.9,150.0
2025-10-01,09:19:03.000,382.38,150.0,382.0,382.75,75.0
2025-10-01,09:19:04.000,382.38,150.0,382.0,382.75,75.0
2025-10-01,09:19:05.000,382.55,150.0,382.0,383.1,75.0
2025-10-01,09:19:06.000,382.55,150.0,382.0,383.1,75.0
2025-10-01,09:19:07.000,383.42,150.0,383.0,383.85,150.0
2025-10-01,09:19:08.000,383.58,150.0,383.0,384.15,150.0
2025-10-01,09:19:09.000,383.58,150.0,383.0,384.15,150.0
2025-10-01,09:19:10.000,382.62,150.0,382.0,383.25,75.0
2025-10-01,09:19:11.000,382.62,150.0,382.0,383.25,75.0
2025-10-01,09:19:12.000,383.92,150.0,383.0,384.85,75.0
2025-10-01,09:19:13.000,383.62,150.0,383.0,384.25,150.0
2025-10-01,09:19:14.000,383.62,150.0,383.0,384.25,150.0
2025-10-01,09:19:15.000,384.35,150.0,384.0,384.7,150.0
2025-10-01,09:19:16.000,384.35,150.0,384.0,384.7,150.0
2025-10-01,09:19:17.000,383.6,150.0,383.0,384.2,150.0
2025-10-01,09:19:18.000,384.82,150.0,384.0,385.65,150.0
2025-10-01,09:19:19.000,384.82,150.0,384.0,385.65,150.0
2025-10-01,09:19:20.000,384.78,150.0,384.0,385.55,150.0
2025-10-01,09:19:21.000,384.78,150.0,384.0,385.55,150.0
2025-10-01,09:19:22.000,385.98,150.0,385.0,386.95,150.0
2025-10-01,09:19:23.000,385.82,150.0,385.0,386.65,75.0
2025-10-01,09:19:24.000,385.82,150.0,385.0,386.65,75.0
2025-10-01,09:19:25.000,385.5,150.0,385.0,386.0,75.0
2025-10-01,09:19:26.000,385.5,150.0,385.0,386.0,75.0
2025-10-01,09:19:27.000,383.75,150.0,383.0,384.5,150.0
2025-10-01,09:19:28.000,383.42,150.0,383.0,383.85,75.0
2025-10-01,09:19:29.000,383.42,150.0,383.0,383.85,75.0
2025-10-01,09:19:30.000,381.55,75.0,380.45,382.65,150.0
2025-10-01,09:19:31.000,381.55,75.0,380.45,382.65,150.0
2025-10-01,09:19:32.000,382.65,150.0,382.0,383.3,150.0
2025-10-01,09:19:33.000,383.6,150.0,383.0,384.2,75.0
2025-10-01,09:19:34.000,383.6,150.0,383.0,384.2,75.0
2025-10-01,09:19:35.000,384.55,150.0,384.0,385.1,75.0
2025-10-01,09:19:36.000,384.55,150.0,384.0,385.1,75.0
2025-10-01,09:19:37.000,382.98,150.0,382.0,383.95,75.0
2025-10-01,09:19:38.000,382.72,150.0,382.0,383.45,225.0
2025-10-01,09:19:39.000,382.72,150.0,382.0,383.45,225.0
2025-10-01,09:19:40.000,382.82,150.0,382.0,383.65,75.0
2025-10-01,09:19:41.000,382.82,150.0,382.0,383.65,75.0
2025-10-01,09:19:42.000,381.8,75.0,380.35,383.25,75.0
2025-10-01,09:19:43.000,382.65,150.0,382.0,383.3,75.0
2025-10-01,09:19:44.000,382.65,150.0,382.0,383.3,75.0
2025-10-01,09:19:45.000,381.85,150.0,381.0,382.7,75.0
2025-10-01,09:19:46.000,382.78,150.0,382.0,383.55,75.0
2025-10-01,09:19:47.000,382.78,150.0,382.0,383.55,75.0
2025-10-01,09:19:48.000,383.48,150.0,383.0,383.95,75.0
2025-10-01,09:19:49.000,383.48,150.0,383.0,383.95,75.0
2025-10-01,09:19:50.000,384.4,150.0,384.0,384.8,150.0
2025-10-01,09:19:51.000,385.98,150.0,385.0,386.95,150.0
2025-10-01,09:19:52.000,385.98,150.0,385.0,386.95,150.0
2025-10-01,09:19:53.000,386.38,150.0,386.0,386.75,75.0
2025-10-01,09:19:54.000,386.38,150.0,386.0,386.75,75.0
2025-10-01,09:19:55.000,385.6,150.0,385.0,386.2,150.0
2025-10-01,09:19:56.000,385.5,75.0,384.15,386.85,75.0
2025-10-01,09:19:57.000,385.5,75.0,384.15,386.85,75.0
2025-10-01,09:19:58.000,387.45,150.0,387.0,387.9,75.0
2025-10-01,09:19:59.000,387.45,150.0,387.0,387.9,75.0
2025-10-01,09:20:00.000,387.62,150.0,387.0,388.25,150.0
2025-10-01,09:20:01.000,388.72,150.0,388.0,389.45,75.0
2025-10-01,09:20:02.000,388.72,150.0,388.0,389.45,75.0
2025-10-01,09:20:03.000,389.68,150.0,389.0,390.35,75.0
2025-10-01,09:20:04.000,389.68,150.0,389.0,390.35,75.0
2025-10-01,09:20:05.000,389.48,150.0,389.0,389.95,75.0
2025-10-01,09:20:06.000,388.6,150.0,388.0,389.2,150.0
2025-10-01,09:20:07.000,388.6,150.0,388.0,389.2,150.0
2025-10-01,09:20:08.000,390.4,150.0,390.0,390.8,150.0
2025-10-01,09:20:09.000,390.4,150.0,390.0,390.8,150.0
2025-10-01,09:20:10.000,389.52,150.0,389.0,390.05,150.0
2025-10-01,09:20:11.000,390.48,150.0,390.0,390.95,150.0
2025-10-01,09:20:12.000,390.48,150.0,390.0,390.95,150.0
2025-10-01,09:20:13.000,390.82,150.0,390.0,391.65,150.0
2025-10-01,09:20:14.000,391.35,150.0,391.0,391.7,150.0
2025-10-01,09:20:15.000,391.35,150.0,391.0,391.7,150.0
2025-10-01,09:20:16.000,391.48,150.0,391.0,391.95,150.0
2025-10-01,09:20:17.000,391.48,150.0,391.0,391.95,150.0
2025-10-01,09:20:18.000,390.85,150.0,390.0,391.7,150.0
2025-10-01,09:20:19.000,390.85,150.0,390.0,391.7,150.0
2025-10-01,09:20:20.000,393.2,150.0,392.0,394.4,150.0
2025-10-01,09:20:21.000,392.92,300.0,391.5,394.35,150.0
2025-10-01,09:20:22.000,392.92,300.0,391.5,394.35,150.0
2025-10-01,09:20:23.000,394.15,150.0,394.0,394.3,150.0
2025-10-01,09:20:24.000,394.15,150.0,394.0,394.3,150.0
2025-10-01,09:20:25.000,394.25,150.0,394.0,394.5,225.0
2025-10-01,09:20:26.000,394.55,150.0,394.0,395.1,150.0
2025-10-01,09:20:27.000,394.55,150.0,394.0,395.1,150.0
2025-10-01,09:20:28.000,393.62,150.0,393.0,394.25,150.0
2025-10-01,09:20:29.000,393.35,150.0,393.0,393.7,75.0
2025-10-01,09:20:30.000,393.35,150.0,393.0,393.7,75.0
2025-10-01,09:20:31.000,392.75,150.0,392.0,393.5,150.0
2025-10-01,09:20:32.000,392.75,150.0,392.0,393.5,150.0
2025-10-01,09:20:33.000,391.9,150.0,391.0,392.8,150.0
2025-10-01,09:20:34.000,392.62,150.0,392.0,393.25,150.0
2025-10-01,09:20:35.000,392.62,150.0,392.0,393.25,150.0
2025-10-01,09:20:36.000,391.8,150.0,391.0,392.6,150.0
2025-10-01,09:20:37.000,391.8,150.0,391.0,392.6,150.0
2025-10-01,09:20:38.000,392.7,150.0,392.0,393.4,225.0
2025-10-01,09:20:39.000,392.92,150.0,392.0,393.85,150.0
2025-10-01,09:20:40.000,392.92,150.0,392.0,393.85,150.0
2025-10-01,09:20:41.000,391.42,150.0,391.0,391.85,75.0
2025-10-01,09:20:42.000,391.42,150.0,391.0,391.85,75.0
2025-10-01,09:20:43.000,390.0,150.0,389.0,391.0,150.0
2025-10-01,09:20:44.000,390.0,150.0,389.0,391.0,150.0
2025-10-01,09:20:45.000,390.98,150.0,390.0,391.95,150.0
2025-10-01,09:20:46.000,391.52,150.0,391.0,392.05,150.0
2025-10-01,09:20:47.000,391.52,150.0,391.0,392.05,150.0
2025-10-01,09:20:48.000,391.82,150.0,391.0,392.65,150.0
2025-10-01,09:20:49.000,391.82,150.0,391.0,392.65,150.0
2025-10-01,09:20:50.000,390.58,150.0,390.0,391.15,150.0
2025-10-01,09:20:51.000,390.78,150.0,390.0,391.55,150.0
2025-10-01,09:20:52.000,390.78,150.0,390.0,391.55,150.0
2025-10-01,09:20:53.000,391.48,150.0,391.0,391.95,75.0
2025-10-01,09:20:54.000,391.48,150.0,391.0,391.95,75.0
2025-10-01,09:20:55.000,388.08,150.0,387.0,389.15,150.0
2025-10-01,09:20:56.000,387.78,150.0,387.0,388.55,150.0
2025-10-01,09:20:57.000,387.78,150.0,387.0,388.55,150.0
2025-10-01,09:20:58.000,387.0,150.0,386.0,388.0,150.0
2025-10-01,09:20:59.000,387.0,150.0,386.0,388.0,150.0
2025-10-01,09:21:00.000,385.78,75.0,384.35,387.2,150.0
2025-10-01,09:21:01.000,387.92,150.0,387.0,388.85,150.0
2025-10-01,09:21:02.000,387.92,150.0,387.0,388.85,150.0
2025-10-01,09:21:03.000,388.38,150.0,388.0,388.75,75.0
2025-10-01,09:21:04.000,388.38,150.0,388.0,388.75,75.0
2025-10-01,09:21:05.000,389.75,150.0,389.0,390.5,75.0
2025-10-01,09:21:06.000,388.8,150.0,388.0,389.6,75.0
2025-10-01,09:21:07.000,388.8,150.0,388.0,389.6,75.0
2025-10-01,09:21:08.000,388.9,150.0,388.0,389.8,150.0
2025-10-01,09:21:09.000,388.9,150.0,388.0,389.8,150.0
2025-10-01,09:21:10.000,388.8,150.0,388.0,389.6,75.0
2025-10-01,09:21:11.000,387.9,150.0,387.0,388.8,75.0
2025-10-01,09:21:12.000,387.9,150.0,387.0,388.8,75.0
2025-10-01,09:21:13.000,387.95,150.0,387.0,388.9,75.0
2025-10-01,09:21:14.000,387.95,150.0,387.0,388.9,75.0
2025-10-01,09:21:15.000,386.95,150.0,386.0,387.9,75.0
2025-10-01,09:21:16.000,385.48,150.0,384.0,386.95,300.0
2025-10-01,09:21:17.000,385.48,150.0,384.0,386.95,300.0
2025-10-01,09:21:18.000,385.6,150.0,385.0,386.2,75.0
2025-10-01,09:21:19.000,385.6,150.0,385.0,386.2,75.0
2025-10-01,09:21:20.000,385.85,150.0,385.0,386.7,75.0
2025-10-01,09:21:21.000,385.85,150.0,385.0,386.7,75.0
2025-10-01,09:21:22.000,385.85,150.0,385.0,386.7,75.0
2025-10-01,09:21:23.000,387.75,150.0,387.0,388.5,75.0
2025-10-01,09:21:24.000,387.75,150.0,387.0,388.5,75.0
2025-10-01,09:21:25.000,388.12,150.0,387.0,389.25,75.0
2025-10-01,09:21:26.000,389.75,150.0,389.0,390.5,75.0
2025-10-01,09:21:27.000,389.75,150.0,389.0,390.5,75.0
2025-10-01,09:21:28.000,390.08,150.0,389.0,391.15,75.0
2025-10-01,09:21:29.000,390.08,150.0,389.0,391.15,75.0
2025-10-01,09:21:30.000,390.32,150.0,389.0,391.65,75.0
2025-10-01,09:21:31.000,390.32,150.0,389.0,391.65,75.0
2025-10-01,09:21:32.000,390.32,150.0,389.0,391.65,75.0
2025-10-01,09:21:33.000,389.7,150.0,389.0,390.4,75.0
2025-10-01,09:21:34.000,389.7,150.0,389.0,390.4,75.0
2025-10-01,09:21:35.000,388.85,150.0,388.0,389.7,75.0
2025-10-01,09:21:36.000,388.68,150.0,388.0,389.35,75.0
2025-10-01,09:21:37.000,388.68,150.0,388.0,389.35,75.0
2025-10-01,09:21:38.000,388.4,150.0,388.0,388.8,75.0
2025-10-01,09:21:39.000,388.4,150.0,388.0,388.8,75.0
2025-10-01,09:21:40.000,386.9,150.0,386.0,387.8,75.0
2025-10-01,09:21:41.000,388.48,150.0,388.0,388.95,75.0
2025-10-01,09:21:42.000,388.48,150.0,388.0,388.95,75.0
2025-10-01,09:21:43.000,386.9,300.0,385.5,388.3,75.0
2025-10-01,09:21:44.000,386.9,300.0,385.5,388.3,75.0
2025-10-01,09:21:45.000,387.08,150.0,386.0,388.15,75.0
2025-10-01,09:21:46.000,388.0,150.0,387.0,389.0,75.0
2025-10-01,09:21:47.000,388.0,150.0,387.0,389.0,75.0
2025-10-01,09:21:48.000,386.9,225.0,385.85,387.95,75.0
2025-10-01,09:21:49.000,386.9,225.0,385.85,387.95,75.0
2025-10-01,09:21:50.000,387.25,300.0,386.1,388.4,75.0
2025-10-01,09:21:51.000,387.12,150.0,386.0,388.25,75.0
2025-10-01,09:21:52.000,387.12,150.0,386.0,388.25,75.0
2025-10-01,09:21:53.000,387.38,300.0,386.25,388.5,75.0
2025-10-01,09:21:54.000,387.38,300.0,386.25,388.5,75.0
2025-10-01,09:21:55.000,387.52,300.0,386.35,388.7,75.0
2025-10-01,09:21:56.000,386.85,150.0,386.0,387.7,75.0
2025-10-01,09:21:57.000,386.85,150.0,386.0,387.7,75.0
2025-10-01,09:21:58.000,385.35,300.0,384.1,386.6,75.0
2025-10-01,09:21:59.000,385.35,300.0,384.1,386.6,75.0
2025-10-01,09:22:00.000,385.92,150.0,385.0,386.85,75.0
2025-10-01,09:22:01.000,384.65,150.0,384.0,385.3,75.0
2025-10-01,09:22:02.000,384.65,150.0,384.0,385.3,75.0
2025-10-01,09:22:03.000,385.12,150.0,384.0,386.25,75.0
2025-10-01,09:22:04.000,385.12,150.0,384.0,386.25,75.0
2025-10-01,09:22:05.000,383.82,150.0,383.0,384.65,75.0
2025-10-01,09:22:06.000,384.08,150.0,383.0,385.15,75.0
2025-10-01,09:22:07.000,384.08,150.0,383.0,385.15,75.0
2025-10-01,09:22:08.000,383.88,150.0,383.0,384.75,75.0
2025-10-01,09:22:09.000,383.88,150.0,383.0,384.75,75.0
2025-10-01,09:22:10.000,383.8,150.0,383.0,384.6,75.0
2025-10-01,09:22:11.000,384.8,150.0,384.0,385.6,75.0
2025-10-01,09:22:12.000,384.8,150.0,384.0,385.6,75.0
2025-10-01,09:22:13.000,384.6,150.0,384.0,385.2,75.0
2025-10-01,09:22:14.000,384.6,150.0,384.0,385.2,75.0
2025-10-01,09:22:15.000,383.88,150.0,383.0,384.75,75.0
2025-10-01,09:22:16.000,382.92,150.0,382.0,383.85,75.0
2025-10-01,09:22:17.000,382.92,150.0,382.0,383.85,75.0
2025-10-01,09:22:18.000,383.98,150.0,382.0,385.95,300.0
2025-10-01,09:22:19.000,383.98,150.0,382.0,385.95,300.0
2025-10-01,09:22:20.000,383.3,300.0,382.15,384.45,75.0
2025-10-01,09:22:21.000,382.78,150.0,382.0,383.55,75.0
2025-10-01,09:22:22.000,382.78,150.0,382.0,383.55,75.0
2025-10-01,09:22:23.000,383.0,150.0,382.0,384.0,75.0
2025-10-01,09:22:24.000,383.0,150.0,382.0,384.0,75.0
2025-10-01,09:22:25.000,382.85,150.0,382.0,383.7,75.0
2025-10-01,09:22:26.000,382.8,150.0,382.0,383.6,75.0
2025-10-01,09:22:27.000,382.8,150.0,382.0,383.6,75.0
2025-10-01,09:22:28.000,382.68,150.0,382.0,383.35,75.0
2025-10-01,09:22:29.000,382.68,150.0,382.0,383.35,75.0
2025-10-01,09:22:30.000,383.28,300.0,382.1,384.45,75.0
2025-10-01,09:22:31.000,383.25,75.0,382.15,384.35,75.0
2025-10-01,09:22:32.000,383.25,75.0,382.15,384.35,75.0
2025-10-01,09:22:33.000,383.38,300.0,382.3,384.45,75.0
2025-10-01,09:22:34.000,383.38,300.0,382.3,384.45,75.0
2025-10-01,09:22:35.000,383.78,150.0,383.0,384.55,75.0
2025-10-01,09:22:36.000,383.88,150.0,383.0,384.75,75.0
2025-10-01,09:22:37.000,383.88,150.0,383.0,384.75,75.0
2025-10-01,09:22:38.000,384.22,300.0,383.05,385.4,75.0
2025-10-01,09:22:39.000,384.22,300.0,383.05,385.4,75.0
2025-10-01,09:22:40.000,383.9,150.0,383.0,384.8,75.0
2025-10-01,09:22:41.000,383.98,75.0,383.05,384.9,75.0
2025-10-01,09:22:42.000,383.98,75.0,383.05,384.9,75.0
2025-10-01,09:22:43.000,383.45,75.0,382.35,384.55,75.0
2025-10-01,09:22:44.000,383.45,75.0,382.35,384.55,75.0
2025-10-01,09:22:45.000,383.45,75.0,382.35,384.55,75.0
2025-10-01,09:22:46.000,383.48,300.0,382.4,384.55,75.0
2025-10-01,09:22:47.000,383.48,300.0,382.4,384.55,75.0
2025-10-01,09:22:48.000,382.88,75.0,382.05,383.7,75.0
2025-10-01,09:22:49.000,382.88,75.0,382.05,383.7,75.0
2025-10-01,09:22:50.000,383.12,75.0,382.3,383.95,75.0
2025-10-01,09:22:51.000,383.2,300.0,382.2,384.2,75.0
2025-10-01,09:22:52.000,383.2,300.0,382.2,384.2,75.0
2025-10-01,09:22:53.000,383.7,150.0,383.0,384.4,75.0
2025-10-01,09:22:54.000,383.7,150.0,383.0,384.4,75.0
2025-10-01,09:22:55.000,384.45,300.0,383.1,385.8,75.0
2025-10-01,09:22:56.000,384.4,75.0,383.35,385.45,75.0
2025-10-01,09:22:57.000,384.4,75.0,383.35,385.45,75.0
2025-10-01,09:22:58.000,385.18,300.0,384.1,386.25,75.0
2025-10-01,09:22:59.000,385.18,300.0,384.1,386.25,75.0
2025-10-01,09:23:00.000,384.6,150.0,384.0,385.2,75.0
2025-10-01,09:23:01.000,385.02,300.0,384.15,385.9,75.0
2025-10-01,09:23:02.000,385.02,300.0,384.15,385.9,75.0
2025-10-01,09:23:03.000,385.32,300.0,384.2,386.45,75.0
2025-10-01,09:23:04.000,385.32,300.0,384.2,386.45,75.0
2025-10-01,09:23:05.000,385.4,75.0,384.3,386.5,75.0
2025-10-01,09:23:06.000,385.55,150.0,385.0,386.1,75.0
2025-10-01,09:23:07.000,385.55,150.0,385.0,386.1,75.0
2025-10-01,09:23:08.000,384.7,150.0,384.0,385.4,75.0
2025-10-01,09:23:09.000,384.7,150.0,384.0,385.4,75.0
2025-10-01,09:23:10.000,385.18,150.0,384.0,386.35,75.0
2025-10-01,09:23:11.000,384.92,150.0,384.0,385.85,75.0
2025-10-01,09:23:12.000,384.92,150.0,384.0,385.85,75.0
2025-10-01,09:23:13.000,384.08,375.0,383.0,385.15,75.0
2025-10-01,09:23:14.000,384.08,375.0,383.0,385.15,75.0
2025-10-01,09:23:15.000,384.0,300.0,383.05,384.95,75.0
2025-10-01,09:23:16.000,383.02,300.0,382.05,384.0,75.0
2025-10-01,09:23:17.000,383.02,300.0,382.05,384.0,75.0
2025-10-01,09:23:18.000,382.0,300.0,381.05,382.95,75.0
2025-10-01,09:23:19.000,382.0,300.0,381.05,382.95,75.0
2025-10-01,09:23:20.000,381.95,150.0,381.0,382.9,75.0
2025-10-01,09:23:21.000,382.72,150.0,382.0,383.45,75.0
2025-10-01,09:23:22.000,382.72,150.0,382.0,383.45,75.0
2025-10-01,09:23:23.000,383.0,150.0,382.0,384.0,75.0
2025-10-01,09:23:24.000,383.0,150.0,382.0,384.0,75.0
2025-10-01,09:23:25.000,383.18,75.0,382.05,384.3,75.0
2025-10-01,09:23:26.000,384.72,150.0,384.0,385.45,300.0
2025-10-01,09:23:27.000,384.72,150.0,384.0,385.45,300.0
2025-10-01,09:23:28.000,384.95,150.0,384.0,385.9,300.0
2025-10-01,09:23:29.000,384.95,150.0,384.0,385.9,300.0
2025-10-01,09:23:30.000,384.5,75.0,383.2,385.8,75.0
2025-10-01,09:23:31.000,383.78,150.0,383.0,384.55,75.0
2025-10-01,09:23:32.000,383.78,150.0,383.0,384.55,75.0
2025-10-01,09:23:33.000,383.68,150.0,383.0,384.35,75.0
2025-10-01,09:23:34.000,383.68,150.0,383.0,384.35,75.0
2025-10-01,09:23:35.000,383.58,150.0,383.0,384.15,75.0
2025-10-01,09:23:36.000,382.98,150.0,382.0,383.95,300.0
2025-10-01,09:23:37.000,382.98,150.0,382.0,383.95,300.0
2025-10-01,09:23:38.000,384.95,75.0,383.35,386.55,75.0
2025-10-01,09:23:39.000,384.95,75.0,383.35,386.55,75.0
2025-10-01,09:23:40.000,385.0,150.0,384.0,386.0,225.0
2025-10-01,09:23:41.000,383.98,150.0,383.0,384.95,75.0
2025-10-01,09:23:42.000,383.98,150.0,383.0,384.95,75.0
2025-10-01,09:23:43.000,383.85,150.0,383.0,384.7,75.0
2025-10-01,09:23:44.000,383.85,150.0,383.0,384.7,75.0
2025-10-01,09:23:45.000,383.75,150.0,383.0,384.5,75.0
2025-10-01,09:23:46.000,384.0,150.0,383.0,385.0,75.0
2025-10-01,09:23:47.000,384.0,150.0,383.0,385.0,75.0
2025-10-01,09:23:48.000,383.78,150.0,383.0,384.55,75.0
2025-10-01,09:23:49.000,383.7,150.0,383.0,384.4,75.0
2025-10-01,09:23:50.000,383.7,150.0,383.0,384.4,75.0
2025-10-01,09:23:51.000,382.72,150.0,382.0,383.45,75.0
2025-10-01,09:23:52.000,382.72,150.0,382.0,383.45,75.0
2025-10-01,09:23:53.000,381.9,150.0,381.0,382.8,75.0
2025-10-01,09:23:54.000,381.08,150.0,380.0,382.15,75.0
2025-10-01,09:23:55.000,381.08,150.0,380.0,382.15,75.0
2025-10-01,09:23:56.000,380.95,150.0,380.0,381.9,75.0
2025-10-01,09:23:57.000,380.95,150.0,380.0,381.9,75.0
2025-10-01,09:23:58.000,381.92,150.0,381.0,382.85,75.0
2025-10-01,09:23:59.000,380.88,150.0,380.0,381.75,75.0
2025-10-01,09:24:00.000,380.88,150.0,380.0,381.75,75.0
2025-10-01,09:24:01.000,380.85,150.0,380.0,381.7,75.0
2025-10-01,09:24:02.000,380.85,150.0,380.0,381.7,75.0
2025-10-01,09:24:03.000,380.5,150.0,380.0,381.0,75.0
2025-10-01,09:24:04.000,379.98,375.0,379.0,380.95,75.0
2025-10-01,09:24:05.000,379.98,375.0,379.0,380.95,75.0
2025-10-01,09:24:06.000,379.78,150.0,379.0,380.55,75.0
2025-10-01,09:24:07.000,379.78,150.0,379.0,380.55,75.0
2025-10-01,09:24:08.000,379.75,150.0,379.0,380.5,75.0
2025-10-01,09:24:09.000,379.95,150.0,379.0,380.9,75.0
2025-10-01,09:24:10.000,379.95,150.0,379.0,380.9,75.0
2025-10-01,09:24:11.000,380.02,150.0,379.0,381.05,75.0
2025-10-01,09:24:12.000,380.02,150.0,379.0,381.05,75.0
2025-10-01,09:24:13.000,380.28,300.0,379.1,381.45,75.0
2025-10-01,09:24:14.000,380.02,150.0,379.0,381.05,75.0
2025-10-01,09:24:15.000,380.02,150.0,379.0,381.05,75.0
2025-10-01,09:24:16.000,380.4,75.0,379.25,381.55,150.0
2025-10-01,09:24:17.000,380.4,75.0,379.25,381.55,150.0
2025-10-01,09:24:18.000,379.85,150.0,379.0,380.7,75.0
2025-10-01,09:24:19.000,378.68,150.0,378.0,379.35,75.0
2025-10-01,09:24:20.000,378.68,150.0,378.0,379.35,75.0
2025-10-01,09:24:21.000,378.9,375.0,378.0,379.8,75.0
2025-10-01,09:24:22.000,378.9,375.0,378.0,379.8,75.0
2025-10-01,09:24:23.000,379.82,150.0,379.0,380.65,75.0
2025-10-01,09:24:24.000,379.68,150.0,379.0,380.35,75.0
2025-10-01,09:24:25.000,379.68,150.0,379.0,380.35,75.0
2025-10-01,09:24:26.000,379.58,150.0,379.0,380.15,75.0
2025-10-01,09:24:27.000,379.58,150.0,379.0,380.15,75.0
2025-10-01,09:24:28.000,378.92,375.0,378.0,379.85,75.0
2025-10-01,09:24:29.000,378.92,375.0,378.0,379.85,75.0
2025-10-01,09:24:30.000,378.92,375.0,378.0,379.85,75.0
2025-10-01,09:24:31.000,379.95,150.0,379.0,380.9,150.0
2025-10-01,09:24:32.000,379.95,150.0,379.0,380.9,150.0
2025-10-01,09:24:33.000,380.55,150.0,380.0,381.1,75.0
2025-10-01,09:24:34.000,380.55,150.0,380.0,381.1,75.0
2025-10-01,09:24:35.000,380.62,75.0,379.35,381.9,75.0
2025-10-01,09:24:36.000,381.15,300.0,380.05,382.25,75.0
2025-10-01,09:24:37.000,381.15,300.0,380.05,382.25,75.0
2025-10-01,09:24:38.000,381.98,75.0,381.1,382.85,75.0
2025-10-01,09:24:39.000,381.98,75.0,381.1,382.85,75.0
2025-10-01,09:24:40.000,381.75,150.0,381.0,382.5,75.0
2025-10-01,09:24:41.000,382.8,150.0,382.0,383.6,75.0
2025-10-01,09:24:42.000,382.8,150.0,382.0,383.6,75.0
2025-10-01,09:24:43.000,381.58,150.0,381.0,382.15,75.0
2025-10-01,09:24:44.000,381.58,150.0,381.0,382.15,75.0
2025-10-01,09:24:45.000,380.9,150.0,380.0,381.8,150.0
2025-10-01,09:24:46.000,380.72,150.0,380.0,381.45,75.0
2025-10-01,09:24:47.000,380.72,150.0,380.0,381.45,75.0
2025-10-01,09:24:48.000,380.8,150.0,380.0,381.6,75.0
2025-10-01,09:24:49.000,379.82,150.0,379.0,380.65,75.0
2025-10-01,09:24:50.000,379.82,150.0,379.0,380.65,75.0
2025-10-01,09:24:51.000,379.65,150.0,379.0,380.3,75.0
2025-10-01,09:24:52.000,379.65,150.0,379.0,380.3,75.0
2025-10-01,09:24:53.000,378.68,150.0,378.0,379.35,75.0
2025-10-01,09:24:54.000,377.72,150.0,377.0,378.45,75.0
2025-10-01,09:24:55.000,377.72,150.0,377.0,378.45,75.0
2025-10-01,09:24:56.000,377.8,150.0,377.0,378.6,300.0
2025-10-01,09:24:57.000,377.8,150.0,377.0,378.6,300.0
2025-10-01,09:24:58.000,378.68,150.0,378.0,379.35,150.0
2025-10-01,09:24:59.000,377.65,150.0,377.0,378.3,150.0
2025-10-01,09:25:00.000,377.65,150.0,377.0,378.3,150.0
2025-10-01,09:25:01.000,376.95,150.0,376.0,377.9,75.0
2025-10-01,09:25:02.000,376.95,150.0,376.0,377.9,75.0
2025-10-01,09:25:03.000,377.05,375.0,376.0,378.1,300.0
2025-10-01,09:25:04.000,376.62,150.0,376.0,377.25,75.0
2025-10-01,09:25:05.000,376.62,150.0,376.0,377.25,75.0
2025-10-01,09:25:06.000,377.6,150.0,377.0,378.2,75.0
2025-10-01,09:25:07.000,377.6,150.0,377.0,378.2,75.0
2025-10-01,09:25:08.000,378.7,150.0,378.0,379.4,75.0
2025-10-01,09:25:09.000,377.92,150.0,377.0,378.85,75.0
2025-10-01,09:25:10.000,377.92,150.0,377.0,378.85,75.0
2025-10-01,09:25:11.000,376.9,375.0,376.0,377.8,75.0
2025-10-01,09:25:12.000,376.9,375.0,376.0,377.8,75.0
2025-10-01,09:25:13.000,376.72,150.0,376.0,377.45,75.0
2025-10-01,09:25:14.000,376.5,150.0,376.0,377.0,75.0
2025-10-01,09:25:15.000,376.5,150.0,376.0,377.0,75.0
2025-10-01,09:25:16.000,375.7,150.0,375.0,376.4,75.0
2025-10-01,09:25:17.000,375.7,150.0,375.0,376.4,75.0
2025-10-01,09:25:18.000,375.9,375.0,375.0,376.8,75.0
2025-10-01,09:25:19.000,375.7,150.0,375.0,376.4,75.0
2025-10-01,09:25:20.000,375.7,150.0,375.0,376.4,75.0
2025-10-01,09:25:21.000,375.7,150.0,375.0,376.4,75.0
2025-10-01,09:25:22.000,376.68,150.0,376.0,377.35,75.0
2025-10-01,09:25:23.000,376.68,150.0,376.0,377.35,75.0
2025-10-01,09:25:24.000,375.7,150.0,375.0,376.4,75.0
2025-10-01,09:25:25.000,375.7,150.0,375.0,376.4,75.0
2025-10-01,09:25:26.000,376.68,150.0,376.0,377.35,75.0
2025-10-01,09:25:27.000,376.85,75.0,376.1,377.6,75.0
2025-10-01,09:25:28.000,376.85,75.0,376.1,377.6,75.0
2025-10-01,09:25:29.000,376.82,150.0,376.0,377.65,300.0
2025-10-01,09:25:30.000,376.82,150.0,376.0,377.65,300.0
2025-10-01,09:25:31.000,377.75,225.0,377.0,378.5,75.0
2025-10-01,09:25:32.000,377.02,150.0,376.0,378.05,75.0
2025-10-01,09:25:33.000,377.02,150.0,376.0,378.05,75.0
2025-10-01,09:25:34.000,376.88,150.0,376.0,377.75,150.0
2025-10-01,09:25:35.000,376.88,150.0,376.0,377.75,150.0
2025-10-01,09:25:36.000,376.83,75.0,376.1,377.55,75.0
2025-10-01,09:25:37.000,376.88,75.0,376.1,377.65,300.0
2025-10-01,09:25:38.000,376.88,75.0,376.1,377.65,300.0
2025-10-01,09:25:39.000,374.82,150.0,374.0,375.65,75.0
2025-10-01,09:25:40.000,374.82,150.0,374.0,375.65,75.0
2025-10-01,09:25:41.000,374.3,150.0,373.0,375.6,75.0
2025-10-01,09:25:42.000,374.32,75.0,373.2,375.45,75.0
2025-10-01,09:25:43.000,374.32,75.0,373.2,375.45,75.0
2025-10-01,09:25:44.000,375.08,75.0,374.15,376.0,75.0
2025-10-01,09:25:45.000,375.08,75.0,374.15,376.0,75.0
2025-10-01,09:25:46.000,376.02,75.0,375.05,377.0,150.0
2025-10-01,09:25:47.000,375.5,150.0,375.0,376.0,75.0
2025-10-01,09:25:48.000,375.5,150.0,375.0,376.0,75.0
2025-10-01,09:25:49.000,374.75,150.0,374.0,375.5,150.0
2025-10-01,09:25:50.000,374.75,150.0,374.0,375.5,150.0
2025-10-01,09:25:51.000,374.85,75.0,374.15,375.55,75.0
2025-10-01,09:25:52.000,375.75,225.0,375.0,376.5,75.0
2025-10-01,09:25:53.000,375.75,225.0,375.0,376.5,75.0
2025-10-01,09:25:54.000,375.22,75.0,374.25,376.2,75.0
2025-10-01,09:25:55.000,375.22,75.0,374.25,376.2,75.0
2025-10-01,09:25:56.000,375.75,75.0,375.1,376.4,75.0
2025-10-01,09:25:57.000,376.68,75.0,376.05,377.3,75.0
2025-10-01,09:25:58.000,376.68,75.0,376.05,377.3,75.0
2025-10-01,09:25:59.000,376.95,150.0,376.0,377.9,150.0
2025-10-01,09:26:00.000,376.95,150.0,376.0,377.9,150.0
2025-10-01,09:26:01.000,377.17,300.0,376.2,378.15,300.0
2025-10-01,09:26:02.000,376.8,150.0,376.0,377.6,300.0
2025-10-01,09:26:03.000,376.8,150.0,376.0,377.6,300.0
2025-10-01,09:26:04.000,376.95,75.0,376.15,377.75,300.0
2025-10-01,09:26:05.000,376.95,75.0,376.15,377.75,300.0
2025-10-01,09:26:06.000,378.1,75.0,377.15,379.05,75.0
2025-10-01,09:26:07.000,378.72,150.0,378.0,379.45,75.0
2025-10-01,09:26:08.000,378.72,150.0,378.0,379.45,75.0
2025-10-01,09:26:09.000,378.85,75.0,378.15,379.55,75.0
2025-10-01,09:26:10.000,378.85,75.0,378.15,379.55,75.0
2025-10-01,09:26:11.000,379.02,75.0,378.2,379.85,75.0
2025-10-01,09:26:12.000,379.08,75.0,378.05,380.1,75.0
2025-10-01,09:26:13.000,379.08,75.0,378.05,380.1,75.0
2025-10-01,09:26:14.000,380.8,150.0,380.0,381.6,75.0
2025-10-01,09:26:15.000,380.8,150.0,380.0,381.6,75.0
2025-10-01,09:26:16.000,380.9,150.0,380.0,381.8,75.0
2025-10-01,09:26:17.000,380.92,75.0,380.1,381.75,75.0
2025-10-01,09:26:18.000,380.92,75.0,380.1,381.75,75.0
2025-10-01,09:26:19.000,379.62,150.0,379.0,380.25,75.0
2025-10-01,09:26:20.000,379.62,150.0,379.0,380.25,75.0
2025-10-01,09:26:21.000,378.12,300.0,377.15,379.1,75.0
2025-10-01,09:26:22.000,377.78,150.0,377.0,378.55,300.0
2025-10-01,09:26:23.000,377.78,150.0,377.0,378.55,300.0
2025-10-01,09:26:24.000,377.82,150.0,377.0,378.65,75.0
2025-10-01,09:26:25.000,377.82,150.0,377.0,378.65,75.0
2025-10-01,09:26:26.000,377.3,300.0,376.25,378.35,300.0
2025-10-01,09:26:27.000,377.3,300.0,376.25,378.35,300.0
2025-10-01,09:26:28.000,376.92,150.0,376.0,377.85,150.0
2025-10-01,09:26:29.000,377.82,150.0,377.0,378.65,75.0
2025-10-01,09:26:30.000,377.82,150.0,377.0,378.65,75.0
2025-10-01,09:26:31.000,377.1,300.0,376.1,378.1,75.0
2025-10-01,09:26:32.000,377.1,300.0,376.1,378.1,75.0
2025-10-01,09:26:33.000,376.82,150.0,376.0,377.65,75.0
2025-10-01,09:26:34.000,377.8,150.0,377.0,378.6,75.0
2025-10-01,09:26:35.000,377.8,150.0,377.0,378.6,75.0
2025-10-01,09:26:36.000,377.72,150.0,377.0,378.45,75.0
2025-10-01,09:26:37.000,377.72,150.0,377.0,378.45,75.0
2025-10-01,09:26:38.000,377.15,75.0,376.25,378.05,75.0
2025-10-01,09:26:39.000,377.2,300.0,376.1,378.3,300.0
2025-10-01,09:26:40.000,377.2,300.0,376.1,378.3,300.0
2025-10-01,09:26:41.000,376.75,150.0,376.0,377.5,75.0
2025-10-01,09:26:42.000,376.75,150.0,376.0,377.5,75.0
2025-10-01,09:26:43.000,375.05,300.0,374.1,376.0,75.0
2025-10-01,09:26:44.000,375.15,300.0,374.05,376.25,300.0
2025-10-01,09:26:45.000,375.15,300.0,374.05,376.25,300.0
2025-10-01,09:26:46.000,375.82,150.0,375.0,376.65,75.0
2025-10-01,09:26:47.000,375.82,150.0,375.0,376.65,75.0
2025-10-01,09:26:48.000,375.98,300.0,375.2,376.75,1800.0
2025-10-01,09:26:49.000,375.7,150.0,375.0,376.4,75.0
2025-10-01,09:26:50.000,375.7,150.0,375.0,376.4,75.0
2025-10-01,09:26:51.000,374.68,150.0,374.0,375.35,75.0
2025-10-01,09:26:52.000,374.68,150.0,374.0,375.35,75.0
2025-10-01,09:26:53.000,374.92,75.0,374.1,375.75,75.0
2025-10-01,09:26:54.000,374.98,75.0,374.25,375.7,75.0
2025-10-01,09:26:55.000,374.98,75.0,374.25,375.7,75.0
2025-10-01,09:26:56.000,374.88,75.0,374.1,375.65,75.0
2025-10-01,09:26:57.000,374.88,75.0,374.1,375.65,75.0
2025-10-01,09:26:58.000,374.95,75.0,374.15,375.75,150.0
2025-10-01,09:26:59.000,374.82,75.0,374.15,375.5,75.0
2025-10-01,09:27:00.000,374.82,75.0,374.15,375.5,75.0
2025-10-01,09:27:01.000,374.7,225.0,374.0,375.4,75.0
2025-10-01,09:27:02.000,374.7,225.0,374.0,375.4,75.0
2025-10-01,09:27:03.000,374.75,75.0,374.1,375.4,75.0
2025-10-01,09:27:04.000,375.05,75.0,374.25,375.85,75.0
2025-10-01,09:27:05.000,375.05,75.0,374.25,375.85,75.0
2025-10-01,09:27:06.000,375.88,150.0,375.0,376.75,1875.0
2025-10-01,09:27:07.000,375.88,150.0,375.0,376.75,1875.0
2025-10-01,09:27:08.000,375.15,75.0,374.4,375.9,75.0
2025-10-01,09:27:09.000,375.08,75.0,374.35,375.8,75.0
2025-10-01,09:27:10.000,375.08,75.0,374.35,375.8,75.0
2025-10-01,09:27:11.000,374.75,150.0,374.0,375.5,75.0
2025-10-01,09:27:12.000,374.75,150.0,374.0,375.5,75.0
2025-10-01,09:27:13.000,374.8,75.0,374.1,375.5,75.0
2025-10-01,09:27:14.000,375.17,300.0,374.4,375.95,75.0
2025-10-01,09:27:15.000,375.17,300.0,374.4,375.95,75.0
2025-10-01,09:27:16.000,374.75,75.0,374.05,375.45,75.0
2025-10-01,09:27:17.000,374.75,75.0,374.05,375.45,75.0
2025-10-01,09:27:18.000,374.68,150.0,374.0,375.35,75.0
2025-10-01,09:27:19.000,375.15,300.0,374.2,376.1,75.0
2025-10-01,09:27:20.000,375.15,300.0,374.2,376.1,75.0
2025-10-01,09:27:21.000,375.22,75.0,374.5,375.95,75.0
2025-10-01,09:27:22.000,375.22,75.0,374.5,375.95,75.0
2025-10-01,09:27:23.000,375.6,150.0,375.0,376.2,75.0
2025-10-01,09:27:24.000,375.98,75.0,375.3,376.65,300.0
2025-10-01,09:27:25.000,375.98,75.0,375.3,376.65,300.0
2025-10-01,09:27:26.000,376.05,75.0,375.35,376.75,1800.0
2025-10-01,09:27:27.000,376.05,75.0,375.35,376.75,1800.0
2025-10-01,09:27:28.000,375.12,75.0,374.2,376.05,75.0
2025-10-01,09:27:29.000,374.8,150.0,374.0,375.6,75.0
2025-10-01,09:27:30.000,374.8,150.0,374.0,375.6,75.0
2025-10-01,09:27:31.000,372.82,150.0,372.0,373.65,75.0
2025-10-01,09:27:32.000,372.82,150.0,372.0,373.65,75.0
2025-10-01,09:27:33.000,373.58,150.0,373.0,374.15,75.0
2025-10-01,09:27:34.000,373.58,150.0,373.0,374.15,75.0
2025-10-01,09:27:35.000,373.58,150.0,373.0,374.15,75.0
2025-10-01,09:27:36.000,373.75,150.0,373.0,374.5,75.0
2025-10-01,09:27:37.000,373.75,150.0,373.0,374.5,75.0
2025-10-01,09:27:38.000,373.85,75.0,373.1,374.6,75.0
2025-10-01,09:27:39.000,373.9,150.0,373.0,374.8,75.0
2025-10-01,09:27:40.000,373.9,150.0,373.0,374.8,75.0
2025-10-01,09:27:41.000,374.28,300.0,373.05,375.5,75.0
2025-10-01,09:27:42.000,374.28,300.0,373.05,375.5,75.0
2025-10-01,09:27:43.000,374.9,150.0,374.0,375.8,300.0
2025-10-01,09:27:44.000,374.2,75.0,373.15,375.25,75.0
2025-10-01,09:27:45.000,374.2,75.0,373.15,375.25,75.0
2025-10-01,09:27:46.000,374.35,75.0,373.55,375.15,75.0
2025-10-01,09:27:47.000,374.35,75.0,373.55,375.15,75.0
2025-10-01,09:27:48.000,373.98,75.0,373.05,374.9,75.0
2025-10-01,09:27:49.000,373.83,75.0,373.05,374.6,75.0
2025-10-01,09:27:50.000,373.83,75.0,373.05,374.6,75.0
2025-10-01,09:27:51.000,373.82,150.0,373.0,374.65,75.0
2025-10-01,09:27:52.000,373.82,150.0,373.0,374.65,75.0
2025-10-01,09:27:53.000,374.02,300.0,373.1,374.95,150.0
2025-10-01,09:27:54.000,374.22,75.0,373.45,375.0,75.0
2025-10-01,09:27:55.000,374.22,75.0,373.45,375.0,75.0
2025-10-01,09:27:56.000,374.15,75.0,373.45,374.85,75.0
2025-10-01,09:27:57.000,374.15,75.0,373.45,374.85,75.0
2025-10-01,09:27:58.000,374.72,75.0,374.05,375.4,75.0
2025-10-01,09:27:59.000,374.78,75.0,374.1,375.45,150.0
2025-10-01,09:28:00.000,374.78,75.0,374.1,375.45,150.0
2025-10-01,09:28:01.000,373.68,150.0,373.0,374.35,75.0
2025-10-01,09:28:02.000,373.68,150.0,373.0,374.35,75.0
2025-10-01,09:28:03.000,373.08,75.0,372.3,373.85,75.0
2025-10-01,09:28:04.000,372.92,75.0,372.2,373.65,75.0
2025-10-01,09:28:05.000,372.92,75.0,372.2,373.65,75.0
2025-10-01,09:28:06.000,373.28,75.0,372.4,374.15,75.0
2025-10-01,09:28:07.000,373.28,75.0,372.4,374.15,75.0
2025-10-01,09:28:08.000,372.25,300.0,371.05,373.45,75.0
2025-10-01,09:28:09.000,372.72,150.0,372.0,373.45,75.0
2025-10-01,09:28:10.000,372.72,150.0,372.0,373.45,75.0
2025-10-01,09:28:11.000,372.25,75.0,371.55,372.95,75.0
2025-10-01,09:28:12.000,372.25,75.0,371.55,372.95,75.0
2025-10-01,09:28:13.000,372.1,75.0,371.4,372.8,75.0
2025-10-01,09:28:14.000,372.12,75.0,371.3,372.95,75.0
2025-10-01,09:28:15.000,372.12,75.0,371.3,372.95,75.0
2025-10-01,09:28:16.000,373.12,75.0,372.3,373.95,75.0
2025-10-01,09:28:17.000,373.12,75.0,372.3,373.95,75.0
2025-10-01,09:28:18.000,372.6,150.0,372.0,373.2,75.0
2025-10-01,09:28:19.000,373.08,75.0,372.25,373.9,75.0
2025-10-01,09:28:20.000,373.08,75.0,372.25,373.9,75.0
2025-10-01,09:28:21.000,373.75,75.0,373.1,374.4,75.0
2025-10-01,09:28:22.000,373.75,75.0,373.1,374.4,75.0
2025-10-01,09:28:23.000,373.05,75.0,372.15,373.95,75.0
2025-10-01,09:28:24.000,371.98,75.0,371.15,372.8,75.0
2025-10-01,09:28:25.000,371.98,75.0,371.15,372.8,75.0
2025-10-01,09:28:26.000,371.75,150.0,371.0,372.5,150.0
2025-10-01,09:28:27.000,371.75,150.0,371.0,372.5,150.0
2025-10-01,09:28:28.000,371.62,150.0,371.0,372.25,75.0
2025-10-01,09:28:29.000,371.6,150.0,371.0,372.2,75.0
2025-10-01,09:28:30.000,371.6,150.0,371.0,372.2,75.0
2025-10-01,09:28:31.000,370.6,150.0,370.0,371.2,75.0
2025-10-01,09:28:32.000,370.6,150.0,370.0,371.2,75.0
2025-10-01,09:28:33.000,370.92,225.0,370.0,371.85,300.0
2025-10-01,09:28:34.000,370.8,150.0,370.0,371.6,75.0
2025-10-01,09:28:35.000,370.8,150.0,370.0,371.6,75.0
2025-10-01,09:28:36.000,370.08,75.0,369.25,370.9,75.0
2025-10-01,09:28:37.000,370.08,75.0,369.25,370.9,75.0
2025-10-01,09:28:38.000,370.72,150.0,370.0,371.45,150.0
2025-10-01,09:28:39.000,370.72,150.0,370.0,371.45,75.0
2025-10-01,09:28:40.000,370.72,150.0,370.0,371.45,75.0
2025-10-01,09:28:41.000,370.75,150.0,370.0,371.5,75.0
2025-10-01,09:28:42.000,370.75,150.0,370.0,371.5,75.0
2025-10-01,09:28:43.000,370.95,300.0,370.2,371.7,75.0
2025-10-01,09:28:44.000,370.78,75.0,370.1,371.45,75.0
2025-10-01,09:28:45.000,370.78,75.0,370.1,371.45,75.0
2025-10-01,09:28:46.000,370.65,75.0,370.05,371.25,75.0
2025-10-01,09:28:47.000,370.65,75.0,370.05,371.25,75.0
2025-10-01,09:28:48.000,370.28,75.0,369.55,371.0,75.0
2025-10-01,09:28:49.000,370.8,75.0,370.15,371.45,75.0
2025-10-01,09:28:50.000,370.8,75.0,370.15,371.45,75.0
2025-10-01,09:28:51.000,371.08,75.0,370.15,372.0,150.0
2025-10-01,09:28:52.000,371.08,75.0,370.15,372.0,150.0
2025-10-01,09:28:53.000,371.6,150.0,371.0,372.2,75.0
2025-10-01,09:28:54.000,370.88,75.0,370.05,371.7,300.0
2025-10-01,09:28:55.000,370.88,75.0,370.05,371.7,300.0
2025-10-01,09:28:56.000,370.92,75.0,370.05,371.8,150.0
2025-10-01,09:28:57.000,370.92,75.0,370.05,371.8,150.0
2025-10-01,09:28:58.000,371.18,75.0,370.35,372.0,225.0
2025-10-01,09:28:59.000,371.1,300.0,370.05,372.15,75.0
2025-10-01,09:29:00.000,371.1,300.0,370.05,372.15,75.0
2025-10-01,09:29:01.000,371.02,75.0,370.1,371.95,75.0
2025-10-01,09:29:02.000,371.02,75.0,370.1,371.95,75.0
2025-10-01,09:29:03.000,371.9,75.0,371.1,372.7,150.0
2025-10-01,09:29:04.000,371.22,75.0,370.25,372.2,75.0
2025-10-01,09:29:05.000,371.22,75.0,370.25,372.2,75.0
2025-10-01,09:29:06.000,371.38,75.0,370.55,372.2,150.0
2025-10-01,09:29:07.000,371.38,75.0,370.55,372.2,150.0
2025-10-01,09:29:08.000,371.75,75.0,371.1,372.4,75.0
2025-10-01,09:29:09.000,371.62,150.0,371.0,372.25,75.0
2025-10-01,09:29:10.000,371.62,150.0,371.0,372.25,75.0
2025-10-01,09:29:11.000,371.85,75.0,371.2,372.5,75.0
2025-10-01,09:29:12.000,371.85,75.0,371.2,372.5,75.0
2025-10-01,09:29:13.000,371.02,75.0,370.15,371.9,75.0
2025-10-01,09:29:14.000,371.02,75.0,370.15,371.9,75.0
2025-10-01,09:29:15.000,371.02,75.0,370.15,371.9,75.0
2025-10-01,09:29:16.000,371.12,75.0,370.3,371.95,75.0
2025-10-01,09:29:17.000,371.12,75.0,370.3,371.95,75.0
2025-10-01,09:29:18.000,372.15,525.0,371.35,372.95,450.0
2025-10-01,09:29:19.000,371.6,75.0,370.9,372.3,75.0
2025-10-01,09:29:20.000,371.6,75.0,370.9,372.3,75.0
2025-10-01,09:29:21.000,371.25,75.0,370.55,371.95,75.0
2025-10-01,09:29:22.000,371.25,75.0,370.55,371.95,75.0
2025-10-01,09:29:23.000,368.7,300.0,368.05,369.35,75.0
2025-10-01,09:29:24.000,369.9,75.0,369.15,370.65,75.0
2025-10-01,09:29:25.000,369.9,75.0,369.15,370.65,75.0
2025-10-01,09:29:26.000,368.78,75.0,368.25,369.3,75.0
2025-10-01,09:29:27.000,368.78,75.0,368.25,369.3,75.0
2025-10-01,09:29:28.000,369.4,300.0,368.5,370.3,75.0
2025-10-01,09:29:29.000,369.3,75.0,368.55,370.05,75.0
2025-10-01,09:29:30.000,369.3,75.0,368.55,370.05,75.0
2025-10-01,09:29:31.000,368.95,75.0,368.15,369.75,75.0
2025-10-01,09:29:32.000,368.95,75.0,368.15,369.75,75.0
2025-10-01,09:29:33.000,368.95,300.0,368.1,369.8,75.0
2025-10-01,09:29:34.000,368.82,75.0,368.15,369.5,75.0
2025-10-01,09:29:35.000,368.82,75.0,368.15,369.5,75.0
2025-10-01,09:29:36.000,368.88,75.0,368.05,369.7,75.0
2025-10-01,09:29:37.000,368.88,75.0,368.05,369.7,75.0
2025-10-01,09:29:38.000,369.05,75.0,368.25,369.85,75.0
2025-10-01,09:29:39.000,367.83,75.0,367.05,368.6,75.0
2025-10-01,09:29:40.000,367.83,75.0,367.05,368.6,75.0
2025-10-01,09:29:41.000,367.25,75.0,366.3,368.2,75.0
2025-10-01,09:29:42.000,368.15,300.0,367.3,369.0,225.0
2025-10-01,09:29:43.000,368.15,300.0,367.3,369.0,225.0
2025-10-01,09:29:44.000,368.02,75.0,367.4,368.65,75.0
2025-10-01,09:29:45.000,368.02,75.0,367.4,368.65,75.0
2025-10-01,09:29:46.000,368.12,75.0,367.45,368.8,75.0
2025-10-01,09:29:47.000,368.08,75.0,367.4,368.75,75.0
2025-10-01,09:29:48.000,368.08,75.0,367.4,368.75,75.0
2025-10-01,09:29:49.000,368.92,75.0,368.25,369.6,75.0
2025-10-01,09:29:50.000,368.92,75.0,368.25,369.6,75.0
2025-10-01,09:29:51.000,369.05,150.0,368.3,369.8,75.0
2025-10-01,09:29:52.000,368.68,225.0,368.0,369.35,75.0
2025-10-01,09:29:53.000,368.68,225.0,368.0,369.35,75.0
2025-10-01,09:29:54.000,367.55,75.0,366.8,368.3,75.0
2025-10-01,09:29:55.000,367.55,75.0,366.8,368.3,75.0
2025-10-01,09:29:56.000,367.38,75.0,366.75,368.0,150.0
2025-10-01,09:29:57.000,367.05,75.0,366.45,367.65,75.0
2025-10-01,09:29:58.000,367.05,75.0,366.45,367.65,75.0
2025-10-01,09:29:59.000,367.32,75.0,366.75,367.9,75.0
2025-10-01,09:30:00.000,367.32,75.0,366.75,367.9,75.0
2025-10-01,09:30:01.000,368.18,75.0,367.6,368.75,75.0
2025-10-01,09:30:02.000,366.92,75.0,366.3,367.55,75.0
2025-10-01,09:30:03.000,366.92,75.0,366.3,367.55,75.0
2025-10-01,09:30:04.000,366.98,75.0,366.35,367.6,75.0
2025-10-01,09:30:05.000,366.98,75.0,366.35,367.6,75.0
2025-10-01,09:30:06.000,366.32,75.0,365.7,366.95,75.0
2025-10-01,09:30:07.000,366.25,75.0,365.65,366.85,75.0
2025-10-01,09:30:08.000,366.25,75.0,365.65,366.85,75.0
2025-10-01,09:30:09.000,366.35,75.0,365.65,367.05,75.0
2025-10-01,09:30:10.000,366.35,75.0,365.65,367.05,75.0
2025-10-01,09:30:11.000,366.0,150.0,365.2,366.8,75.0
2025-10-01,09:30:12.000,366.5,75.0,365.65,367.35,75.0
2025-10-01,09:30:13.000,366.5,75.0,365.65,367.35,75.0
2025-10-01,09:30:14.000,366.2,300.0,365.4,367.0,225.0
2025-10-01,09:30:15.000,366.2,300.0,365.4,367.0,225.0
2025-10-01,09:30:16.000,365.12,75.0,364.25,366.0,150.0
2025-10-01,09:30:17.000,364.75,75.0,363.8,365.7,300.0
2025-10-01,09:30:18.000,364.75,75.0,363.8,365.7,300.0
2025-10-01,09:30:19.000,364.92,225.0,364.0,365.85,75.0
2025-10-01,09:30:20.000,364.92,225.0,364.0,365.85,75.0
2025-10-01,09:30:21.000,363.98,75.0,363.1,364.85,75.0
2025-10-01,09:30:22.000,364.68,150.0,364.0,365.35,75.0
2025-10-01,09:30:23.000,364.68,150.0,364.0,365.35,75.0
2025-10-01,09:30:24.000,365.15,75.0,364.4,365.9,75.0
2025-10-01,09:30:25.000,365.15,75.0,364.4,365.9,75.0
2025-10-01,09:30:26.000,364.65,150.0,364.0,365.3,75.0
2025-10-01,09:30:27.000,366.18,75.0,365.6,366.75,75.0
2025-10-01,09:30:28.000,366.18,75.0,365.6,366.75,75.0
2025-10-01,09:30:29.000,365.7,75.0,365.1,366.3,75.0
2025-10-01,09:30:30.000,365.7,75.0,365.1,366.3,75.0
2025-10-01,09:30:31.000,364.7,150.0,364.0,365.4,75.0
2025-10-01,09:30:32.000,364.45,75.0,363.8,365.1,75.0
2025-10-01,09:30:33.000,364.45,75.0,363.8,365.1,75.0
2025-10-01,09:30:34.000,363.9,75.0,363.3,364.5,75.0
2025-10-01,09:30:35.000,363.9,75.0,363.3,364.5,75.0
2025-10-01,09:30:36.000,363.35,75.0,362.7,364.0,75.0
2025-10-01,09:30:37.000,363.35,75.0,362.7,364.0,75.0
2025-10-01,09:30:38.000,363.45,75.0,362.9,364.0,75.0
2025-10-01,09:30:39.000,363.32,75.0,362.75,363.9,75.0
2025-10-01,09:30:40.000,363.32,75.0,362.75,363.9,75.0
2025-10-01,09:30:41.000,362.35,75.0,361.75,362.95,75.0
2025-10-01,09:30:42.000,362.35,75.0,361.75,362.95,75.0
2025-10-01,09:30:43.000,361.08,75.0,360.45,361.7,75.0
2025-10-01,09:30:44.000,361.42,75.0,360.85,362.0,225.0
2025-10-01,09:30:45.000,361.42,75.0,360.85,362.0,225.0
2025-10-01,09:30:46.000,361.15,75.0,360.5,361.8,75.0
2025-10-01,09:30:47.000,361.15,75.0,360.5,361.8,75.0
2025-10-01,09:30:48.000,360.4,75.0,359.85,360.95,75.0
2025-10-01,09:30:49.000,359.65,75.0,359.05,360.25,75.0
2025-10-01,09:30:50.000,359.65,75.0,359.05,360.25,75.0
2025-10-01,09:30:51.000,360.6,75.0,360.05,361.15,75.0
2025-10-01,09:30:52.000,360.6,75.0,360.05,361.15,75.0
2025-10-01,09:30:53.000,360.7,225.0,360.0,361.4,75.0
2025-10-01,09:30:54.000,360.75,75.0,360.1,361.4,75.0
2025-10-01,09:30:55.000,360.75,75.0,360.1,361.4,75.0
2025-10-01,09:30:56.000,359.95,75.0,359.35,360.55,75.0
2025-10-01,09:30:57.000,359.95,75.0,359.35,360.55,75.0
2025-10-01,09:30:58.000,360.75,75.0,360.15,361.35,75.0
2025-10-01,09:30:59.000,360.3,75.0,359.65,360.95,75.0
2025-10-01,09:31:00.000,360.3,75.0,359.65,360.95,75.0
2025-10-01,09:31:01.000,360.48,75.0,359.95,361.0,150.0
2025-10-01,09:31:02.000,360.48,75.0,359.95,361.0,150.0
2025-10-01,09:31:03.000,360.18,75.0,359.55,360.8,75.0
2025-10-01,09:31:04.000,359.65,150.0,359.0,360.3,75.0
2025-10-01,09:31:05.000,359.65,150.0,359.0,360.3,75.0
2025-10-01,09:31:06.000,359.28,75.0,358.7,359.85,75.0
2025-10-01,09:31:07.000,359.28,75.0,358.7,359.85,75.0
2025-10-01,09:31:08.000,359.98,75.0,359.4,360.55,75.0
2025-10-01,09:31:09.000,360.6,225.0,360.0,361.2,75.0
2025-10-01,09:31:10.000,360.6,225.0,360.0,361.2,75.0
2025-10-01,09:31:11.000,360.78,150.0,360.1,361.45,75.0
2025-10-01,09:31:12.000,360.78,150.0,360.1,361.45,75.0
2025-10-01,09:31:13.000,360.5,75.0,360.0,361.0,150.0
2025-10-01,09:31:14.000,359.45,75.0,358.8,360.1,75.0
2025-10-01,09:31:15.000,359.45,75.0,358.8,360.1,75.0
2025-10-01,09:31:16.000,359.1,75.0,358.45,359.75,75.0
2025-10-01,09:31:17.000,359.1,75.0,358.45,359.75,75.0
2025-10-01,09:31:18.000,359.88,75.0,359.3,360.45,75.0
2025-10-01,09:31:19.000,359.32,75.0,358.7,359.95,75.0
2025-10-01,09:31:20.000,359.32,75.0,358.7,359.95,75.0
2025-10-01,09:31:21.000,359.18,75.0,358.35,360.0,150.0
2025-10-01,09:31:22.000,359.18,75.0,358.35,360.0,150.0
2025-10-01,09:31:23.000,358.9,75.0,358.2,359.6,75.0
2025-10-01,09:31:24.000,358.92,75.0,358.3,359.55,75.0
2025-10-01,09:31:25.000,358.92,75.0,358.3,359.55,75.0
2025-10-01,09:31:26.000,359.0,75.0,358.25,359.75,75.0
2025-10-01,09:31:27.000,359.0,75.0,358.25,359.75,75.0
2025-10-01,09:31:28.000,359.68,75.0,359.35,360.0,150.0
2025-10-01,09:31:29.000,359.95,75.0,359.35,360.55,75.0
2025-10-01,09:31:30.000,359.95,75.0,359.35,360.55,75.0
2025-10-01,09:31:31.000,360.15,75.0,359.55,360.75,75.0
2025-10-01,09:31:32.000,360.15,75.0,359.55,360.75,75.0
2025-10-01,09:31:33.000,360.05,150.0,359.45,360.65,75.0
2025-10-01,09:31:34.000,359.48,75.0,358.8,360.15,75.0
2025-10-01,09:31:35.000,359.48,75.0,358.8,360.15,75.0
2025-10-01,09:31:36.000,359.58,75.0,359.0,360.15,75.0
2025-10-01,09:31:37.000,359.58,75.0,359.0,360.15,75.0
2025-10-01,09:31:38.000,358.75,150.0,358.0,359.5,75.0
2025-10-01,09:31:39.000,359.12,75.0,358.4,359.85,75.0
2025-10-01,09:31:40.000,359.12,75.0,358.4,359.85,75.0
2025-10-01,09:31:41.000,358.78,225.0,358.0,359.55,75.0
2025-10-01,09:31:42.000,358.78,225.0,358.0,359.55,75.0
2025-10-01,09:31:43.000,358.02,75.0,357.3,358.75,75.0
2025-10-01,09:31:44.000,358.2,75.0,357.5,358.9,75.0
2025-10-01,09:31:45.000,358.2,75.0,357.5,358.9,75.0
2025-10-01,09:31:46.000,358.65,150.0,358.0,359.3,75.0
2025-10-01,09:31:47.000,358.65,150.0,358.0,359.3,75.0
2025-10-01,09:31:48.000,359.2,150.0,358.45,359.95,75.0
2025-10-01,09:31:49.000,359.2,150.0,358.5,359.9,150.0
2025-10-01,09:31:50.000,359.2,150.0,358.5,359.9,150.0
2025-10-01,09:31:51.000,359.28,75.0,358.55,360.0,150.0
2025-10-01,09:31:52.000,359.28,75.0,358.55,360.0,150.0
2025-10-01,09:31:53.000,358.85,75.0,358.15,359.55,75.0
2025-10-01,09:31:54.000,358.68,75.0,358.05,359.3,75.0
2025-10-01,09:31:55.000,358.68,75.0,358.05,359.3,75.0
2025-10-01,09:31:56.000,360.8,75.0,360.2,361.4,75.0
2025-10-01,09:31:57.000,360.8,75.0,360.2,361.4,75.0
2025-10-01,09:31:58.000,361.28,75.0,360.7,361.85,75.0
2025-10-01,09:31:59.000,361.82,75.0,361.15,362.5,75.0
2025-10-01,09:32:00.000,361.82,75.0,361.15,362.5,75.0
2025-10-01,09:32:01.000,361.22,75.0,360.6,361.85,75.0
2025-10-01,09:32:02.000,361.22,75.0,360.6,361.85,75.0
2025-10-01,09:32:03.000,361.0,75.0,360.45,361.55,75.0
2025-10-01,09:32:04.000,360.85,75.0,360.25,361.45,75.0
2025-10-01,09:32:05.000,360.85,75.0,360.25,361.45,75.0
2025-10-01,09:32:06.000,360.83,75.0,360.3,361.35,75.0
2025-10-01,09:32:07.000,360.83,75.0,360.3,361.35,75.0
2025-10-01,09:32:08.000,361.33,75.0,360.8,361.85,75.0
2025-10-01,09:32:09.000,361.65,75.0,361.1,362.2,75.0
2025-10-01,09:32:10.000,361.65,75.0,361.1,362.2,75.0
2025-10-01,09:32:11.000,361.95,75.0,361.4,362.5,75.0
2025-10-01,09:32:12.000,361.95,75.0,361.4,362.5,75.0
2025-10-01,09:32:13.000,361.58,75.0,360.95,362.2,75.0
2025-10-01,09:32:14.000,362.1,75.0,361.5,362.7,75.0
2025-10-01,09:32:15.000,362.1,75.0,361.5,362.7,75.0
2025-10-01,09:32:16.000,362.3,75.0,361.75,362.85,75.0
2025-10-01,09:32:17.000,362.3,75.0,361.75,362.85,75.0
2025-10-01,09:32:18.000,362.4,75.0,361.8,363.0,75.0
2025-10-01,09:32:19.000,362.78,75.0,362.25,363.3,75.0
2025-10-01,09:32:20.000,362.78,75.0,362.25,363.3,75.0
2025-10-01,09:32:21.000,362.12,75.0,361.6,362.65,75.0
2025-10-01,09:32:22.000,362.12,75.0,361.6,362.65,75.0
2025-10-01,09:32:23.000,362.6,75.0,362.05,363.15,75.0
2025-10-01,09:32:24.000,362.75,75.0,362.15,363.35,75.0
2025-10-01,09:32:25.000,362.75,75.0,362.15,363.35,75.0
2025-10-01,09:32:26.000,363.5,75.0,362.95,364.05,75.0
2025-10-01,09:32:27.000,363.5,75.0,362.95,364.05,75.0
2025-10-01,09:32:28.000,362.9,75.0,362.35,363.45,75.0
2025-10-01,09:32:29.000,363.22,75.0,362.7,363.75,75.0
2025-10-01,09:32:30.000,363.22,75.0,362.7,363.75,75.0
2025-10-01,09:32:31.000,363.22,75.0,362.7,363.75,75.0
2025-10-01,09:32:32.000,363.22,75.0,362.7,363.75,75.0
2025-10-01,09:32:33.000,363.0,75.0,362.45,363.55,75.0
2025-10-01,09:32:34.000,362.78,75.0,362.25,363.3,75.0
2025-10-01,09:32:35.000,362.78,75.0,362.25,363.3,75.0
2025-10-01,09:32:36.000,363.15,75.0,362.6,363.7,75.0
2025-10-01,09:32:37.000,363.15,75.0,362.6,363.7,75.0
2025-10-01,09:32:38.000,363.6,75.0,363.0,364.2,75.0
2025-10-01,09:32:39.000,363.95,75.0,363.4,364.5,75.0
2025-10-01,09:32:40.000,363.95,75.0,363.4,364.5,75.0
2025-10-01,09:32:41.000,363.3,150.0,362.75,363.85,75.0
2025-10-01,09:32:42.000,363.3,150.0,362.75,363.85,75.0
2025-10-01,09:32:43.000,363.65,75.0,363.05,364.25,75.0
2025-10-01,09:32:44.000,364.1,300.0,363.3,364.9,75.0
2025-10-01,09:32:45.000,364.1,300.0,363.3,364.9,75.0
2025-10-01,09:32:46.000,363.22,75.0,362.5,363.95,75.0
2025-10-01,09:32:47.000,363.22,75.0,362.5,363.95,75.0
2025-10-01,09:32:48.000,363.62,75.0,363.05,364.2,75.0
2025-10-01,09:32:49.000,363.75,75.0,363.15,364.35,75.0
2025-10-01,09:32:50.000,363.75,75.0,363.15,364.35,75.0
2025-10-01,09:32:51.000,363.72,75.0,363.15,364.3,75.0
2025-10-01,09:32:52.000,363.72,75.0,363.15,364.3,75.0
2025-10-01,09:32:53.000,365.1,75.0,364.45,365.75,75.0
2025-10-01,09:32:54.000,365.25,75.0,364.6,365.9,75.0
2025-10-01,09:32:55.000,365.25,75.0,364.6,365.9,75.0
2025-10-01,09:32:56.000,364.55,150.0,364.0,365.1,75.0
2025-10-01,09:32:57.000,364.55,150.0,364.0,365.1,75.0
2025-10-01,09:32:58.000,364.6,150.0,364.0,365.2,75.0
2025-10-01,09:32:59.000,363.82,75.0,363.25,364.4,75.0
2025-10-01,09:33:00.000,363.82,75.0,363.25,364.4,75.0
2025-10-01,09:33:01.000,363.05,75.0,362.35,363.75,75.0
2025-10-01,09:33:02.000,363.05,75.0,362.35,363.75,75.0
2025-10-01,09:33:03.000,362.5,150.0,362.0,363.0,75.0
2025-10-01,09:33:04.000,362.6,150.0,362.0,363.2,75.0
2025-10-01,09:33:05.000,362.6,150.0,362.0,363.2,75.0
2025-10-01,09:33:06.000,362.92,75.0,362.3,363.55,75.0
2025-10-01,09:33:07.000,362.92,75.0,362.3,363.55,75.0
2025-10-01,09:33:08.000,362.8,75.0,362.15,363.45,75.0
2025-10-01,09:33:09.000,361.85,150.0,361.2,362.5,75.0
2025-10-01,09:33:10.000,361.85,150.0,361.2,362.5,75.0
2025-10-01,09:33:11.000,361.32,75.0,360.65,362.0,75.0
2025-10-01,09:33:12.000,361.32,75.0,360.65,362.0,75.0
2025-10-01,09:33:13.000,362.7,150.0,362.0,363.4,75.0
2025-10-01,09:33:14.000,362.48,75.0,361.85,363.1,75.0
2025-10-01,09:33:15.000,362.48,75.0,361.85,363.1,75.0
2025-10-01,09:33:16.000,361.82,150.0,361.0,362.65,75.0
2025-10-01,09:33:17.000,361.82,150.0,361.0,362.65,75.0
2025-10-01,09:33:18.000,361.98,75.0,361.25,362.7,75.0
2025-10-01,09:33:19.000,361.92,75.0,361.2,362.65,75.0
2025-10-01,09:33:20.000,361.92,75.0,361.2,362.65,75.0
2025-10-01,09:33:21.000,360.85,150.0,360.0,361.7,75.0
2025-10-01,09:33:22.000,360.85,150.0,360.0,361.7,75.0
2025-10-01,09:33:23.000,360.7,75.0,360.05,361.35,75.0
2025-10-01,09:33:24.000,360.95,150.0,360.3,361.6,75.0
2025-10-01,09:33:25.000,360.95,150.0,360.3,361.6,75.0
2025-10-01,09:33:26.000,360.65,75.0,360.1,361.2,75.0
2025-10-01,09:33:27.000,360.65,75.0,360.1,361.2,75.0
2025-10-01,09:33:28.000,359.88,150.0,359.0,360.75,75.0
2025-10-01,09:33:29.000,359.7,150.0,359.0,360.4,75.0
2025-10-01,09:33:30.000,359.7,150.0,359.0,360.4,75.0
2025-10-01,09:33:31.000,359.62,150.0,359.0,360.25,75.0
2025-10-01,09:33:32.000,359.62,150.0,359.0,360.25,75.0
2025-10-01,09:33:33.000,359.98,75.0,359.1,360.85,75.0
2025-10-01,09:33:34.000,360.18,75.0,359.35,361.0,150.0
2025-10-01,09:33:35.000,360.18,75.0,359.35,361.0,150.0
2025-10-01,09:33:36.000,360.2,75.0,359.4,361.0,150.0
2025-10-01,09:33:37.000,360.2,75.0,359.4,361.0,150.0
2025-10-01,09:33:38.000,360.4,75.0,359.9,360.9,375.0
2025-10-01,09:33:39.000,361.5,75.0,361.05,361.95,75.0
2025-10-01,09:33:40.000,361.5,75.0,361.05,361.95,75.0
2025-10-01,09:33:41.000,361.28,75.0,360.7,361.85,75.0
2025-10-01,09:33:42.000,361.28,75.0,360.7,361.85,75.0
2025-10-01,09:33:43.000,360.42,75.0,359.85,361.0,150.0
2025-10-01,09:33:44.000,360.42,75.0,359.85,361.0,150.0
2025-10-01,09:33:45.000,360.25,75.0,359.65,360.85,75.0
2025-10-01,09:33:46.000,360.35,75.0,359.75,360.95,75.0
2025-10-01,09:33:47.000,360.35,75.0,359.75,360.95,75.0
2025-10-01,09:33:48.000,360.92,75.0,360.35,361.5,75.0
2025-10-01,09:33:49.000,360.92,75.0,360.35,361.5,75.0
2025-10-01,09:33:50.000,360.55,75.0,360.1,361.0,150.0
2025-10-01,09:33:51.000,359.8,75.0,359.2,360.4,75.0
2025-10-01,09:33:52.000,359.8,75.0,359.2,360.4,75.0
2025-10-01,09:33:53.000,360.4,75.0,359.8,361.0,225.0
2025-10-01,09:33:54.000,360.4,75.0,359.8,361.0,225.0
2025-10-01,09:33:55.000,360.08,75.0,359.5,360.65,75.0
2025-10-01,09:33:56.000,360.0,75.0,359.4,360.6,75.0
2025-10-01,09:33:57.000,360.0,75.0,359.4,360.6,75.0
2025-10-01,09:33:58.000,360.48,75.0,359.95,361.0,150.0
2025-10-01,09:33:59.000,360.48,75.0,359.95,361.0,150.0
2025-10-01,09:34:00.000,360.0,75.0,359.4,360.6,75.0
2025-10-01,09:34:01.000,359.88,75.0,359.25,360.5,75.0
2025-10-01,09:34:02.000,359.88,75.0,359.25,360.5,75.0
2025-10-01,09:34:03.000,359.92,75.0,359.35,360.5,75.0
2025-10-01,09:34:04.000,359.92,75.0,359.35,360.5,75.0
2025-10-01,09:34:05.000,360.1,75.0,359.55,360.65,75.0
2025-10-01,09:34:06.000,360.25,75.0,359.65,360.85,75.0
2025-10-01,09:34:07.000,360.25,75.0,359.65,360.85,75.0
2025-10-01,09:34:08.000,360.35,75.0,359.8,360.9,75.0
2025-10-01,09:34:09.000,360.35,75.0,359.8,360.9,75.0
2025-10-01,09:34:10.000,359.98,75.0,359.45,360.5,75.0
2025-10-01,09:34:11.000,359.92,75.0,359.35,360.5,75.0
2025-10-01,09:34:12.000,359.92,75.0,359.35,360.5,75.0
2025-10-01,09:34:13.000,359.98,75.0,359.4,360.55,75.0
2025-10-01,09:34:14.000,359.98,75.0,359.4,360.55,75.0
2025-10-01,09:34:15.000,360.12,75.0,359.6,360.65,75.0
2025-10-01,09:34:16.000,360.02,75.0,359.5,360.55,75.0
2025-10-01,09:34:17.000,360.02,75.0,359.5,360.55,75.0
2025-10-01,09:34:18.000,359.75,75.0,359.2,360.3,75.0
2025-10-01,09:34:19.000,359.75,75.0,359.2,360.3,75.0
2025-10-01,09:34:20.000,359.72,75.0,359.15,360.3,75.0
2025-10-01,09:34:21.000,358.38,75.0,357.8,358.95,75.0
2025-10-01,09:34:22.000,358.38,75.0,357.8,358.95,75.0
2025-10-01,09:34:23.000,357.42,75.0,356.85,358.0,150.0
2025-10-01,09:34:24.000,357.42,75.0,356.85,358.0,150.0
2025-10-01,09:34:25.000,357.98,75.0,357.05,358.9,300.0
2025-10-01,09:34:26.000,358.05,300.0,357.1,359.0,150.0
2025-10-01,09:34:27.000,358.05,300.0,357.1,359.0,150.0
2025-10-01,09:34:28.000,359.0,75.0,358.45,359.55,75.0
2025-10-01,09:34:29.000,359.0,75.0,358.45,359.55,75.0
2025-10-01,09:34:30.000,359.3,75.0,358.75,359.85,75.0
2025-10-01,09:34:31.000,360.28,75.0,359.75,360.8,75.0
2025-10-01,09:34:32.000,360.28,75.0,359.75,360.8,75.0
2025-10-01,09:34:33.000,359.6,75.0,359.2,360.0,150.0
2025-10-01,09:34:34.000,359.6,75.0,359.2,360.0,150.0
2025-10-01,09:34:35.000,358.78,75.0,358.2,359.35,75.0
2025-10-01,09:34:36.000,358.52,75.0,358.05,359.0,150.0
2025-10-01,09:34:37.000,358.52,75.0,358.05,359.0,150.0
2025-10-01,09:34:38.000,359.17,75.0,358.7,359.65,75.0
2025-10-01,09:34:39.000,359.17,75.0,358.7,359.65,75.0
2025-10-01,09:34:40.000,359.17,75.0,358.7,359.65,75.0
2025-10-01,09:34:41.000,358.92,75.0,358.25,359.6,75.0
2025-10-01,09:34:42.000,358.92,75.0,358.25,359.6,75.0
2025-10-01,09:34:43.000,358.98,75.0,358.45,359.5,75.0
2025-10-01,09:34:44.000,359.85,75.0,359.25,360.45,75.0
2025-10-01,09:34:45.000,359.85,75.0,359.25,360.45,75.0
2025-10-01,09:34:46.000,359.52,75.0,359.05,360.0,150.0
2025-10-01,09:34:47.000,359.52,75.0,359.05,360.0,150.0
2025-10-01,09:34:48.000,360.15,75.0,359.65,360.65,75.0
2025-10-01,09:34:49.000,360.15,75.0,359.65,360.65,75.0
2025-10-01,09:34:50.000,360.1,75.0,359.6,360.6,75.0
2025-10-01,09:34:51.000,359.9,75.0,359.35,360.45,75.0
2025-10-01,09:34:52.000,359.9,75.0,359.35,360.45,75.0
2025-10-01,09:34:53.000,360.12,75.0,359.6,360.65,75.0
2025-10-01,09:34:54.000,360.12,75.0,359.6,360.65,75.0
2025-10-01,09:34:55.000,360.28,75.0,359.75,360.8,75.0
2025-10-01,09:34:56.000,359.48,75.0,358.95,360.0,150.0
2025-10-01,09:34:57.000,359.48,75.0,358.95,360.0,150.0
2025-10-01,09:34:58.000,359.75,75.0,359.1,360.4,300.0
2025-10-01,09:34:59.000,359.75,75.0,359.1,360.4,300.0
2025-10-01,09:35:00.000,360.05,75.0,359.45,360.65,75.0
2025-10-01,09:35:01.000,359.4,75.0,358.8,360.0,150.0
2025-10-01,09:35:02.000,359.4,75.0,358.8,360.0,150.0
2025-10-01,09:35:03.000,358.88,75.0,358.25,359.5,300.0
2025-10-01,09:35:04.000,358.88,75.0,358.25,359.5,300.0
2025-10-01,09:35:05.000,358.02,75.0,357.4,358.65,225.0
2025-10-01,09:35:06.000,357.38,75.0,356.75,358.0,150.0
2025-10-01,09:35:07.000,357.38,75.0,356.75,358.0,150.0
2025-10-01,09:35:08.000,357.6,75.0,357.2,358.0,150.0
2025-10-01,09:35:09.000,357.6,75.0,357.2,358.0,150.0
2025-10-01,09:35:10.000,358.0,75.0,357.4,358.6,75.0
2025-10-01,09:35:11.000,358.45,75.0,357.9,359.0,150.0
2025-10-01,09:35:12.000,358.45,75.0,357.9,359.0,150.0
2025-10-01,09:35:13.000,358.82,75.0,358.15,359.5,375.0
2025-10-01,09:35:14.000,358.82,75.0,358.15,359.5,375.0
2025-10-01,09:35:15.000,358.42,75.0,357.85,359.0,150.0
2025-10-01,09:35:16.000,358.48,75.0,357.95,359.0,150.0
2025-10-01,09:35:17.000,358.48,75.0,357.95,359.0,150.0
2025-10-01,09:35:18.000,358.68,75.0,358.35,359.0,150.0
2025-10-01,09:35:19.000,358.68,75.0,358.35,359.0,150.0
2025-10-01,09:35:20.000,359.28,75.0,358.6,359.95,75.0
2025-10-01,09:35:21.000,359.45,75.0,358.9,360.0,225.0
2025-10-01,09:35:22.000,359.45,75.0,358.9,360.0,225.0
2025-10-01,09:35:23.000,358.8,75.0,358.3,359.3,75.0
2025-10-01,09:35:24.000,358.8,75.0,358.3,359.3,75.0
2025-10-01,09:35:25.000,359.28,75.0,358.75,359.8,75.0
2025-10-01,09:35:26.000,358.45,75.0,357.9,359.0,150.0
2025-10-01,09:35:27.000,358.45,75.0,357.9,359.0,150.0
2025-10-01,09:35:28.000,358.9,75.0,358.35,359.45,75.0
2025-10-01,09:35:29.000,358.9,75.0,358.35,359.45,75.0
2025-10-01,09:35:30.000,358.42,75.0,357.85,359.0,150.0
2025-10-01,09:35:31.000,358.55,75.0,358.1,359.0,150.0
2025-10-01,09:35:32.000,358.55,75.0,358.1,359.0,150.0
2025-10-01,09:35:33.000,358.98,75.0,358.45,359.5,75.0
2025-10-01,09:35:34.000,358.98,75.0,358.45,359.5,75.0
2025-10-01,09:35:35.000,358.98,75.0,358.45,359.5,75.0
2025-10-01,09:35:36.000,359.12,75.0,358.6,359.65,75.0
2025-10-01,09:35:37.000,359.12,75.0,358.6,359.65,75.0
2025-10-01,09:35:38.000,358.92,75.0,358.4,359.45,75.0
2025-10-01,09:35:39.000,358.92,75.0,358.4,359.45,75.0
2025-10-01,09:35:40.000,359.18,300.0,358.35,360.0,150.0
2025-10-01,09:35:41.000,359.35,75.0,358.8,359.9,75.0
2025-10-01,09:35:42.000,359.35,75.0,358.8,359.9,75.0
2025-10-01,09:35:43.000,359.83,75.0,359.3,360.35,75.0
2025-10-01,09:35:44.000,359.83,75.0,359.3,360.35,75.0
2025-10-01,09:35:45.000,359.83,75.0,359.3,360.35,75.0
2025-10-01,09:35:46.000,359.1,75.0,358.55,359.65,75.0
2025-10-01,09:35:47.000,359.1,75.0,358.55,359.65,75.0
2025-10-01,09:35:48.000,359.65,75.0,359.15,360.15,75.0
2025-10-01,09:35:49.000,359.55,75.0,359.0,360.1,75.0
2025-10-01,09:35:50.000,359.55,75.0,359.0,360.1,75.0
2025-10-01,09:35:51.000,360.45,75.0,359.95,360.95,75.0
2025-10-01,09:35:52.000,360.45,75.0,359.95,360.95,75.0
2025-10-01,09:35:53.000,360.7,75.0,360.2,361.2,75.0
2025-10-01,09:35:54.000,361.17,75.0,360.65,361.7,75.0
2025-10-01,09:35:55.000,361.17,75.0,360.65,361.7,75.0
2025-10-01,09:35:56.000,361.3,75.0,360.75,361.85,75.0
2025-10-01,09:35:57.000,361.3,75.0,360.75,361.85,75.0
2025-10-01,09:35:58.000,361.8,75.0,361.3,362.3,75.0
2025-10-01,09:35:59.000,361.8,75.0,361.3,362.3,75.0
2025-10-01,09:36:00.000,361.8,75.0,361.3,362.3,75.0
2025-10-01,09:36:01.000,361.75,75.0,361.2,362.3,75.0
2025-10-01,09:36:02.000,361.75,75.0,361.2,362.3,75.0
2025-10-01,09:36:03.000,361.12,75.0,360.65,361.6,75.0
2025-10-01,09:36:04.000,360.28,75.0,359.75,360.8,75.0
2025-10-01,09:36:05.000,360.28,75.0,359.75,360.8,75.0
2025-10-01,09:36:06.000,360.2,75.0,359.7,360.7,75.0
2025-10-01,09:36:07.000,360.2,75.0,359.7,360.7,75.0
2025-10-01,09:36:08.000,360.08,75.0,359.55,360.6,75.0
2025-10-01,09:36:09.000,359.95,75.0,359.45,360.45,75.0
2025-10-01,09:36:10.000,359.95,75.0,359.45,360.45,75.0
2025-10-01,09:36:11.000,358.8,75.0,358.3,359.3,75.0
2025-10-01,09:36:12.000,358.8,75.0,358.3,359.3,75.0
2025-10-01,09:36:13.000,357.92,75.0,357.45,358.4,75.0
2025-10-01,09:36:14.000,358.33,75.0,357.8,358.85,75.0
2025-10-01,09:36:15.000,358.33,75.0,357.8,358.85,75.0
2025-10-01,09:36:16.000,358.28,75.0,357.55,359.0,150.0
2025-10-01,09:36:17.000,358.28,75.0,357.55,359.0,150.0
2025-10-01,09:36:18.000,358.2,75.0,357.7,358.7,75.0
2025-10-01,09:36:19.000,358.8,75.0,358.3,359.3,75.0
2025-10-01,09:36:20.000,358.8,75.0,358.3,359.3,75.0
2025-10-01,09:36:21.000,358.08,75.0,357.55,358.6,75.0
2025-10-01,09:36:22.000,358.08,75.0,357.55,358.6,75.0
2025-10-01,09:36:23.000,357.9,75.0,357.4,358.4,75.0
2025-10-01,09:36:24.000,358.58,75.0,358.15,359.0,150.0
2025-10-01,09:36:25.000,358.58,75.0,358.15,359.0,150.0
2025-10-01,09:36:26.000,358.05,75.0,357.55,358.55,75.0
2025-10-01,09:36:27.000,358.05,75.0,357.55,358.55,75.0
2025-10-01,09:36:28.000,358.17,75.0,357.65,358.7,75.0
2025-10-01,09:36:29.000,358.33,75.0,357.8,358.85,75.0
2025-10-01,09:36:30.000,358.33,75.0,357.8,358.85,75.0
2025-10-01,09:36:31.000,358.28,75.0,357.75,358.8,75.0
2025-10-01,09:36:32.000,358.28,75.0,357.75,358.8,75.0
2025-10-01,09:36:33.000,357.9,75.0,357.4,358.4,75.0
2025-10-01,09:36:34.000,357.28,75.0,356.7,357.85,75.0
2025-10-01,09:36:35.000,357.28,75.0,356.7,357.85,75.0
2025-10-01,09:36:36.000,358.12,75.0,357.55,358.7,75.0
2025-10-01,09:36:37.000,358.12,75.0,357.55,358.7,75.0
2025-10-01,09:36:38.000,357.72,75.0,357.1,358.35,75.0
2025-10-01,09:36:39.000,357.62,75.0,357.1,358.15,75.0
2025-10-01,09:36:40.000,357.62,75.0,357.1,358.15,75.0
2025-10-01,09:36:41.000,356.82,75.0,356.25,357.4,75.0
2025-10-01,09:36:42.000,356.82,75.0,356.25,357.4,75.0
2025-10-01,09:36:43.000,356.92,75.0,356.4,357.45,75.0
2025-10-01,09:36:44.000,356.35,75.0,355.8,356.9,75.0
2025-10-01,09:36:45.000,356.35,75.0,355.8,356.9,75.0
2025-10-01,09:36:46.000,356.85,75.0,356.35,357.35,75.0
2025-10-01,09:36:47.000,356.85,75.0,356.35,357.35,75.0
2025-10-01,09:36:48.000,357.12,75.0,356.6,357.65,75.0
2025-10-01,09:36:49.000,356.92,75.0,356.3,357.55,75.0
2025-10-01,09:36:50.000,356.92,75.0,356.3,357.55,75.0
2025-10-01,09:36:51.000,356.55,75.0,356.1,357.0,150.0
2025-10-01,09:36:52.000,356.55,75.0,356.1,357.0,150.0
2025-10-01,09:36:53.000,357.08,75.0,356.55,357.6,75.0
2025-10-01,09:36:54.000,357.08,75.0,356.55,357.6,75.0
2025-10-01,09:36:55.000,357.17,75.0,356.7,357.65,75.0
2025-10-01,09:36:56.000,357.0,75.0,356.5,357.5,75.0
2025-10-01,09:36:57.000,357.0,75.0,356.5,357.5,75.0
2025-10-01,09:36:58.000,356.6,75.0,356.2,357.0,150.0
2025-10-01,09:36:59.000,356.6,75.0,356.2,357.0,150.0
2025-10-01,09:37:00.000,356.52,75.0,356.05,357.0,150.0
2025-10-01,09:37:01.000,357.28,75.0,356.75,357.8,75.0
2025-10-01,09:37:02.000,357.28,75.0,356.75,357.8,75.0
2025-10-01,09:37:03.000,357.52,75.0,357.05,358.0,150.0
2025-10-01,09:37:04.000,357.52,75.0,357.05,358.0,150.0
2025-10-01,09:37:05.000,357.48,75.0,357.0,357.95,75.0
2025-10-01,09:37:06.000,356.52,75.0,356.05,357.0,225.0
2025-10-01,09:37:07.000,356.52,75.0,356.05,357.0,225.0
2025-10-01,09:37:08.000,355.9,75.0,355.35,356.45,75.0
2025-10-01,09:37:09.000,355.9,75.0,355.35,356.45,75.0
2025-10-01,09:37:10.000,355.95,75.0,355.4,356.5,75.0
2025-10-01,09:37:11.000,356.35,75.0,355.85,356.85,75.0
2025-10-01,09:37:12.000,356.35,75.0,355.85,356.85,75.0
2025-10-01,09:37:13.000,356.42,75.0,355.9,356.95,75.0
2025-10-01,09:37:14.000,356.42,75.0,355.9,356.95,75.0
2025-10-01,09:37:15.000,356.1,75.0,355.6,356.6,75.0
2025-10-01,09:37:16.000,357.15,75.0,356.6,357.7,75.0
2025-10-01,09:37:17.000,357.15,75.0,356.6,357.7,75.0
2025-10-01,09:37:18.000,357.02,75.0,356.5,357.55,75.0
2025-10-01,09:37:19.000,357.02,75.0,356.5,357.55,75.0
2025-10-01,09:37:20.000,357.05,75.0,356.55,357.55,75.0
2025-10-01,09:37:21.000,356.7,75.0,356.2,357.2,75.0
2025-10-01,09:37:22.000,356.7,75.0,356.2,357.2,75.0
2025-10-01,09:37:23.000,356.67,75.0,356.2,357.15,75.0
2025-10-01,09:37:24.000,356.67,75.0,356.2,357.15,75.0
2025-10-01,09:37:25.000,356.72,75.0,356.2,357.25,75.0
2025-10-01,09:37:26.000,356.22,75.0,355.7,356.75,75.0
2025-10-01,09:37:27.000,356.22,75.0,355.7,356.75,75.0
2025-10-01,09:37:28.000,356.48,75.0,356.0,356.95,75.0
2025-10-01,09:37:29.000,356.48,75.0,356.0,356.95,75.0
2025-10-01,09:37:30.000,355.8,75.0,355.3,356.3,75.0
2025-10-01,09:37:31.000,356.1,75.0,355.6,356.6,75.0
2025-10-01,09:37:32.000,356.1,75.0,355.6,356.6,75.0
2025-10-01,09:37:33.000,356.28,75.0,355.75,356.8,75.0
2025-10-01,09:37:34.000,356.28,75.0,355.75,356.8,75.0
2025-10-01,09:37:35.000,356.38,75.0,355.85,356.9,75.0
2025-10-01,09:37:36.000,356.45,75.0,355.95,356.95,75.0
2025-10-01,09:37:37.000,356.45,75.0,355.95,356.95,75.0
2025-10-01,09:37:38.000,356.52,75.0,356.05,357.0,150.0
2025-10-01,09:37:39.000,356.52,75.0,356.05,357.0,150.0
2025-10-01,09:37:40.000,356.6,75.0,356.05,357.15,75.0
2025-10-01,09:37:41.000,356.5,75.0,356.0,357.0,225.0
2025-10-01,09:37:42.000,356.5,75.0,356.0,357.0,225.0
2025-10-01,09:37:43.000,356.42,75.0,355.85,357.0,150.0
2025-10-01,09:37:44.000,356.42,75.0,355.85,357.0,150.0
2025-10-01,09:37:45.000,356.38,75.0,355.8,356.95,75.0
2025-10-01,09:37:46.000,356.5,75.0,356.0,357.0,150.0
2025-10-01,09:37:47.000,356.5,75.0,356.0,357.0,150.0
2025-10-01,09:37:48.000,356.55,75.0,355.95,357.15,75.0
2025-10-01,09:37:49.000,356.55,75.0,355.95,357.15,75.0
2025-10-01,09:37:50.000,356.2,75.0,355.6,356.8,75.0
2025-10-01,09:37:51.000,356.48,75.0,355.95,357.0,150.0
2025-10-01,09:37:52.000,356.48,75.0,355.95,357.0,150.0
2025-10-01,09:37:53.000,356.52,75.0,356.05,357.0,150.0
2025-10-01,09:37:54.000,356.52,75.0,356.05,357.0,150.0
2025-10-01,09:37:55.000,356.52,75.0,356.05,357.0,150.0
2025-10-01,09:37:56.000,356.48,75.0,355.95,357.0,225.0
2025-10-01,09:37:57.000,356.48,75.0,355.95,357.0,225.0
2025-10-01,09:37:58.000,357.0,75.0,356.45,357.55,75.0
2025-10-01,09:37:59.000,357.0,75.0,356.45,357.55,75.0
2025-10-01,09:38:00.000,357.4,75.0,356.85,357.95,75.0
2025-10-01,09:38:01.000,357.25,75.0,356.65,357.85,75.0
2025-10-01,09:38:02.000,357.25,75.0,356.65,357.85,75.0
2025-10-01,09:38:03.000,358.02,75.0,357.45,358.6,75.0
2025-10-01,09:38:04.000,358.02,75.0,357.45,358.6,75.0
2025-10-01,09:38:05.000,358.38,75.0,357.8,358.95,75.0
2025-10-01,09:38:06.000,358.95,75.0,358.35,359.55,75.0
2025-10-01,09:38:07.000,358.95,75.0,358.35,359.55,75.0
2025-10-01,09:38:08.000,358.4,75.0,357.8,359.0,150.0
2025-10-01,09:38:09.000,358.4,75.0,357.8,359.0,150.0
2025-10-01,09:38:10.000,357.95,75.0,357.35,358.55,75.0
2025-10-01,09:38:11.000,358.6,225.0,358.0,359.2,75.0
2025-10-01,09:38:12.000,358.6,225.0,358.0,359.2,75.0
2025-10-01,09:38:13.000,359.0,75.0,358.3,359.7,75.0
2025-10-01,09:38:14.000,359.0,75.0,358.3,359.7,75.0
2025-10-01,09:38:15.000,359.2,75.0,358.45,359.95,75.0
2025-10-01,09:38:16.000,358.45,75.0,357.6,359.3,75.0
2025-10-01,09:38:17.000,358.45,75.0,357.6,359.3,75.0
2025-10-01,09:38:18.000,357.9,75.0,357.15,358.65,75.0
2025-10-01,09:38:19.000,357.9,75.0,357.15,358.65,75.0
2025-10-01,09:38:20.000,357.65,150.0,357.0,358.3,75.0
2025-10-01,09:38:21.000,357.72,150.0,357.0,358.45,75.0
2025-10-01,09:38:22.000,357.72,150.0,357.0,358.45,75.0
2025-10-01,09:38:23.000,357.78,150.0,357.0,358.55,75.0
2025-10-01,09:38:24.000,357.78,150.0,357.0,358.55,75.0
2025-10-01,09:38:25.000,358.65,150.0,358.0,359.3,75.0
2025-10-01,09:38:26.000,359.42,300.0,358.05,360.8,150.0
2025-10-01,09:38:27.000,359.42,300.0,358.05,360.8,150.0
2025-10-01,09:38:28.000,360.05,75.0,359.2,360.9,300.0
2025-10-01,09:38:29.000,360.05,75.0,359.2,360.9,300.0
2025-10-01,09:38:30.000,359.42,150.0,358.7,360.15,75.0
2025-10-01,09:38:31.000,359.42,75.0,358.65,360.2,75.0
2025-10-01,09:38:32.000,359.42,75.0,358.65,360.2,75.0
2025-10-01,09:38:33.000,359.05,75.0,358.2,359.9,75.0
2025-10-01,09:38:34.000,359.05,75.0,358.2,359.9,75.0
2025-10-01,09:38:35.000,358.9,75.0,358.15,359.65,75.0
2025-10-01,09:38:36.000,358.65,150.0,358.0,359.3,75.0
2025-10-01,09:38:37.000,358.65,150.0,358.0,359.3,75.0
2025-10-01,09:38:38.000,358.8,75.0,358.05,359.55,75.0
2025-10-01,09:38:39.000,358.8,75.0,358.05,359.55,75.0
2025-10-01,09:38:40.000,358.1,75.0,357.05,359.15,75.0
2025-10-01,09:38:41.000,358.65,150.0,358.0,359.3,75.0
2025-10-01,09:38:42.000,358.65,150.0,358.0,359.3,75.0
2025-10-01,09:38:43.000,358.9,75.0,358.1,359.7,75.0
2025-10-01,09:38:44.000,358.9,75.0,358.1,359.7,75.0
2025-10-01,09:38:45.000,358.88,75.0,358.1,359.65,75.0
2025-10-01,09:38:46.000,357.9,75.0,357.1,358.7,75.0
2025-10-01,09:38:47.000,357.9,75.0,357.1,358.7,75.0
2025-10-01,09:38:48.000,358.05,75.0,357.2,358.9,75.0
2025-10-01,09:38:49.000,358.05,75.0,357.2,358.9,75.0
2025-10-01,09:38:50.000,358.15,150.0,357.4,358.9,75.0
2025-10-01,09:38:51.000,358.3,75.0,357.6,359.0,75.0
2025-10-01,09:38:52.000,358.3,75.0,357.6,359.0,75.0
2025-10-01,09:38:53.000,358.2,75.0,357.35,359.05,75.0
2025-10-01,09:38:54.000,358.2,75.0,357.35,359.05,75.0
2025-10-01,09:38:55.000,358.62,150.0,358.0,359.25,75.0
2025-10-01,09:38:56.000,358.88,75.0,358.05,359.7,75.0
2025-10-01,09:38:57.000,358.88,75.0,358.05,359.7,75.0
2025-10-01,09:38:58.000,359.3,75.0,358.5,360.1,150.0
2025-10-01,09:38:59.000,359.3,75.0,358.5,360.1,150.0
2025-10-01,09:39:00.000,358.88,75.0,358.15,359.6,75.0
2025-10-01,09:39:01.000,358.88,75.0,358.15,359.6,75.0
2025-10-01,09:39:02.000,358.8,375.0,358.05,359.55,75.0
2025-10-01,09:39:03.000,359.3,75.0,358.6,360.0,150.0
2025-10-01,09:39:04.000,359.3,75.0,358.6,360.0,150.0
2025-10-01,09:39:05.000,358.8,300.0,357.65,359.95,75.0
2025-10-01,09:39:06.000,358.8,300.0,357.65,359.95,75.0
2025-10-01,09:39:07.000,358.32,75.0,357.65,359.0,225.0
2025-10-01,09:39:08.000,358.5,300.0,357.75,359.25,75.0
2025-10-01,09:39:09.000,358.5,300.0,357.75,359.25,75.0
2025-10-01,09:39:10.000,358.4,75.0,357.7,359.1,75.0
2025-10-01,09:39:11.000,358.4,75.0,357.7,359.1,75.0
2025-10-01,09:39:12.000,358.68,75.0,358.05,359.3,75.0
2025-10-01,09:39:13.000,358.55,150.0,358.0,359.1,75.0
2025-10-01,09:39:14.000,358.55,150.0,358.0,359.1,75.0
2025-10-01,09:39:15.000,358.1,300.0,357.25,358.95,150.0
2025-10-01,09:39:16.000,358.1,300.0,357.25,358.95,150.0
2025-10-01,09:39:17.000,356.85,150.0,356.0,357.7,75.0
2025-10-01,09:39:18.000,356.7,150.0,356.0,357.4,75.0
2025-10-01,09:39:19.000,356.7,150.0,356.0,357.4,75.0
2025-10-01,09:39:20.000,356.92,75.0,356.15,357.7,150.0
2025-10-01,09:39:21.000,356.92,75.0,356.15,357.7,150.0
2025-10-01,09:39:22.000,356.7,150.0,356.0,357.4,75.0
2025-10-01,09:39:23.000,357.08,75.0,356.35,357.8,75.0
2025-10-01,09:39:24.000,357.08,75.0,356.35,357.8,75.0
2025-10-01,09:39:25.000,357.02,300.0,356.25,357.8,75.0
2025-10-01,09:39:26.000,356.75,150.0,356.0,357.5,75.0
2025-10-01,09:39:27.000,356.75,150.0,356.0,357.5,75.0
2025-10-01,09:39:28.000,356.02,75.0,355.1,356.95,75.0
2025-10-01,09:39:29.000,356.02,75.0,355.1,356.95,75.0
2025-10-01,09:39:30.000,356.33,75.0,355.6,357.05,75.0
2025-10-01,09:39:31.000,355.05,75.0,354.1,356.0,150.0
2025-10-01,09:39:32.000,355.05,75.0,354.1,356.0,150.0
2025-10-01,09:39:33.000,354.7,150.0,354.0,355.4,75.0
2025-10-01,09:39:34.000,354.7,150.0,354.0,355.4,75.0
2025-10-01,09:39:35.000,354.18,75.0,353.35,355.0,150.0
2025-10-01,09:39:36.000,354.52,75.0,353.65,355.4,75.0
2025-10-01,09:39:37.000,354.52,75.0,353.65,355.4,75.0
2025-10-01,09:39:38.000,355.35,150.0,354.7,356.0,150.0
2025-10-01,09:39:39.000,355.35,150.0,354.7,356.0,150.0
2025-10-01,09:39:40.000,355.32,75.0,354.65,356.0,150.0
2025-10-01,09:39:41.000,354.92,75.0,354.35,355.5,75.0
2025-10-01,09:39:42.000,354.92,75.0,354.35,355.5,75.0
2025-10-01,09:39:43.000,354.42,75.0,353.85,355.0,225.0
2025-10-01,09:39:44.000,354.42,75.0,353.85,355.0,225.0
2025-10-01,09:39:45.000,354.38,300.0,353.55,355.2,75.0
2025-10-01,09:39:46.000,354.7,225.0,354.0,355.4,75.0
2025-10-01,09:39:47.000,354.7,225.0,354.0,355.4,75.0
2025-10-01,09:39:48.000,355.15,75.0,354.55,355.75,75.0
2025-10-01,09:39:49.000,355.15,75.0,354.55,355.75,75.0
2025-10-01,09:39:50.000,354.55,75.0,353.85,355.25,75.0
2025-10-01,09:39:51.000,354.65,75.0,353.9,355.4,75.0
2025-10-01,09:39:52.000,354.65,75.0,353.9,355.4,75.0
2025-10-01,09:39:53.000,354.48,75.0,353.65,355.3,75.0
2025-10-01,09:39:54.000,354.83,75.0,354.1,355.55,75.0
2025-10-01,09:39:55.000,354.83,75.0,354.1,355.55,75.0
2025-10-01,09:39:56.000,355.1,75.0,354.3,355.9,75.0
2025-10-01,09:39:57.000,355.1,75.0,354.3,355.9,75.0
2025-10-01,09:39:58.000,355.1,75.0,354.3,355.9,75.0
2025-10-01,09:39:59.000,355.12,75.0,354.25,356.0,150.0
2025-10-01,09:40:00.000,355.12,75.0,354.25,356.0,150.0
2025-10-01,09:40:01.000,355.02,75.0,354.2,355.85,75.0
2025-10-01,09:40:02.000,355.02,75.0,354.2,355.85,75.0
2025-10-01,09:40:03.000,355.55,75.0,354.7,356.4,75.0
2025-10-01,09:40:04.000,355.92,75.0,355.1,356.75,75.0
2025-10-01,09:40:05.000,355.92,75.0,355.1,356.75,75.0
2025-10-01,09:40:06.000,355.08,75.0,354.15,356.0,225.0
2025-10-01,09:40:07.000,355.08,75.0,354.15,356.0,225.0
2025-10-01,09:40:08.000,355.0,150.0,354.15,355.85,75.0
2025-10-01,09:40:09.000,355.12,75.0,354.25,356.0,225.0
2025-10-01,09:40:10.000,355.12,75.0,354.25,356.0,225.0
2025-10-01,09:40:11.000,355.02,75.0,354.2,355.85,75.0
2025-10-01,09:40:12.000,355.02,75.0,354.2,355.85,75.0
2025-10-01,09:40:13.000,355.75,150.0,355.0,356.5,75.0
2025-10-01,09:40:14.000,356.0,150.0,355.2,356.8,75.0
2025-10-01,09:40:15.000,356.0,150.0,355.2,356.8,75.0
2025-10-01,09:40:16.000,356.33,75.0,355.55,357.1,75.0
2025-10-01,09:40:17.000,356.33,75.0,355.55,357.1,75.0
2025-10-01,09:40:18.000,356.65,150.0,356.0,357.3,75.0
2025-10-01,09:40:19.000,356.35,75.0,355.45,357.25,75.0
2025-10-01,09:40:20.000,356.35,75.0,355.45,357.25,75.0
2025-10-01,09:40:21.000,356.28,300.0,355.3,357.25,75.0
2025-10-01,09:40:22.000,356.28,300.0,355.3,357.25,75.0
2025-10-01,09:40:23.000,357.08,75.0,356.15,358.0,225.0
2025-10-01,09:40:24.000,357.25,75.0,356.5,358.0,150.0
2025-10-01,09:40:25.000,357.25,75.0,356.5,358.0,150.0
2025-10-01,09:40:26.000,357.18,300.0,356.35,358.0,225.0
2025-10-01,09:40:27.000,357.18,300.0,356.35,358.0,225.0
2025-10-01,09:40:28.000,357.38,75.0,356.45,358.3,75.0
2025-10-01,09:40:29.000,357.75,150.0,357.0,358.5,75.0
2025-10-01,09:40:30.000,357.75,150.0,357.0,358.5,75.0
2025-10-01,09:40:31.000,357.35,75.0,356.7,358.0,150.0
2025-10-01,09:40:32.000,357.35,75.0,356.7,358.0,150.0
2025-10-01,09:40:33.000,357.98,150.0,357.0,358.95,75.0
2025-10-01,09:40:34.000,357.8,225.0,357.0,358.6,75.0
2025-10-01,09:40:35.000,357.8,225.0,357.0,358.6,75.0
2025-10-01,09:40:36.000,357.45,75.0,356.55,358.35,75.0
2025-10-01,09:40:37.000,357.45,75.0,356.55,358.35,75.0
2025-10-01,09:40:38.000,357.83,75.0,357.1,358.55,75.0
2025-10-01,09:40:39.000,358.28,75.0,357.6,358.95,75.0
2025-10-01,09:40:40.000,358.28,75.0,357.6,358.95,75.0
2025-10-01,09:40:41.000,358.42,150.0,357.65,359.2,75.0
2025-10-01,09:40:42.000,358.42,150.0,357.65,359.2,75.0
2025-10-01,09:40:43.000,358.7,150.0,358.0,359.4,75.0
2025-10-01,09:40:44.000,359.08,75.0,358.3,359.85,75.0
2025-10-01,09:40:45.000,359.08,75.0,358.3,359.85,75.0
2025-10-01,09:40:46.000,357.9,75.0,357.05,358.75,75.0
2025-10-01,09:40:47.000,357.9,75.0,357.05,358.75,75.0
2025-10-01,09:40:48.000,356.85,75.0,355.8,357.9,75.0
2025-10-01,09:40:49.000,356.3,75.0,355.6,357.0,150.0
2025-10-01,09:40:50.000,356.3,75.0,355.6,357.0,150.0
2025-10-01,09:40:51.000,356.75,150.0,356.0,357.5,75.0
2025-10-01,09:40:52.000,356.75,150.0,356.0,357.5,75.0
2025-10-01,09:40:53.000,356.9,75.0,356.15,357.65,75.0
2025-10-01,09:40:54.000,356.35,75.0,355.5,357.2,75.0
2025-10-01,09:40:55.000,356.35,75.0,355.5,357.2,75.0
2025-10-01,09:40:56.000,355.82,150.0,355.0,356.65,75.0
2025-10-01,09:40:57.000,355.82,150.0,355.0,356.65,75.0
2025-10-01,09:40:58.000,356.3,75.0,355.25,357.35,150.0
2025-10-01,09:40:59.000,356.25,300.0,355.3,357.2,75.0
2025-10-01,09:41:00.000,356.25,300.0,355.3,357.2,75.0
2025-10-01,09:41:01.000,356.22,75.0,355.45,357.0,150.0
2025-10-01,09:41:02.000,356.22,75.0,355.45,357.0,150.0
2025-10-01,09:41:03.000,354.2,225.0,353.0,355.4,75.0
2025-10-01,09:41:04.000,354.85,150.0,354.0,355.7,75.0
2025-10-01,09:41:05.000,354.85,150.0,354.0,355.7,75.0
2025-10-01,09:41:06.000,354.1,75.0,353.2,355.0,150.0
2025-10-01,09:41:07.000,354.1,75.0,353.2,355.0,150.0
2025-10-01,09:41:08.000,354.75,150.0,354.0,355.5,75.0
2025-10-01,09:41:09.000,354.72,150.0,354.0,355.45,75.0
2025-10-01,09:41:10.000,354.72,150.0,354.0,355.45,75.0
2025-10-01,09:41:11.000,353.72,150.0,353.0,354.45,75.0
2025-10-01,09:41:12.000,353.72,150.0,353.0,354.45,75.0
2025-10-01,09:41:13.000,353.17,75.0,352.15,354.2,75.0
2025-10-01,09:41:14.000,353.12,300.0,352.25,354.0,150.0
2025-10-01,09:41:15.000,353.12,300.0,352.25,354.0,150.0
2025-10-01,09:41:16.000,352.98,300.0,352.05,353.9,75.0
2025-10-01,09:41:17.000,352.98,300.0,352.05,353.9,75.0
2025-10-01,09:41:18.000,353.3,75.0,352.4,354.2,75.0
2025-10-01,09:41:19.000,353.3,75.0,352.6,354.0,150.0
2025-10-01,09:41:20.000,353.3,75.0,352.6,354.0,150.0
2025-10-01,09:41:21.000,353.25,75.0,352.5,354.0,225.0
2025-10-01,09:41:22.000,353.25,75.0,352.5,354.0,225.0
2025-10-01,09:41:23.000,353.28,75.0,352.55,354.0,225.0
2025-10-01,09:41:24.000,353.78,75.0,353.1,354.45,75.0
2025-10-01,09:41:25.000,353.78,75.0,353.1,354.45,75.0
2025-10-01,09:41:26.000,353.85,75.0,353.15,354.55,75.0
2025-10-01,09:41:27.000,353.85,75.0,353.15,354.55,75.0
2025-10-01,09:41:28.000,354.42,75.0,353.65,355.2,75.0
2025-10-01,09:41:29.000,354.15,75.0,353.35,354.95,75.0
2025-10-01,09:41:30.000,354.15,75.0,353.35,354.95,75.0
2025-10-01,09:41:31.000,354.12,75.0,353.35,354.9,75.0
2025-10-01,09:41:32.000,354.12,75.0,353.35,354.9,75.0
2025-10-01,09:41:33.000,355.05,75.0,354.25,355.85,75.0
2025-10-01,09:41:34.000,354.98,75.0,354.25,355.7,75.0
2025-10-01,09:41:35.000,354.98,75.0,354.25,355.7,75.0
2025-10-01,09:41:36.000,355.25,75.0,354.5,356.0,225.0
2025-10-01,09:41:37.000,355.25,75.0,354.5,356.0,225.0
2025-10-01,09:41:38.000,354.85,300.0,354.1,355.6,75.0
2025-10-01,09:41:39.000,354.9,75.0,354.1,355.7,75.0
2025-10-01,09:41:40.000,354.9,75.0,354.1,355.7,75.0
2025-10-01,09:41:41.000,353.88,150.0,353.0,354.75,75.0
2025-10-01,09:41:42.000,353.88,150.0,353.0,354.75,75.0
2025-10-01,09:41:43.000,354.4,300.0,353.5,355.3,75.0
2025-10-01,09:41:44.000,354.48,300.0,353.65,355.3,75.0
2025-10-01,09:41:45.000,354.48,300.0,353.65,355.3,75.0
2025-10-01,09:41:46.000,354.42,75.0,353.55,355.3,75.0
2025-10-01,09:41:47.000,354.42,75.0,353.55,355.3,75.0
2025-10-01,09:41:48.000,354.78,150.0,354.0,355.55,75.0
2025-10-01,09:41:49.000,354.78,150.0,354.0,355.55,75.0
2025-10-01,09:41:50.000,354.78,150.0,354.0,355.55,75.0
2025-10-01,09:41:51.000,354.78,75.0,354.1,355.45,75.0
2025-10-01,09:41:52.000,354.78,75.0,354.1,355.45,75.0
2025-10-01,09:41:53.000,354.58,1200.0,354.0,355.15,75.0
2025-10-01,09:41:54.000,354.48,1200.0,354.0,354.95,300.0
2025-10-01,09:41:55.000,354.48,1200.0,354.0,354.95,300.0
2025-10-01,09:41:56.000,354.45,600.0,354.0,354.9,75.0
2025-10-01,09:41:57.000,354.45,600.0,354.0,354.9,75.0
2025-10-01,09:41:58.000,354.5,600.0,354.0,355.0,150.0
2025-10-01,09:41:59.000,353.68,150.0,353.0,354.35,300.0
2025-10-01,09:42:00.000,353.68,150.0,353.0,354.35,300.0
2025-10-01,09:42:01.000,353.8,150.0,353.0,354.6,300.0
2025-10-01,09:42:02.000,353.8,150.0,353.0,354.6,300.0
2025-10-01,09:42:03.000,354.42,75.0,353.4,355.45,75.0
2025-10-01,09:42:04.000,353.8,150.0,353.0,354.6,300.0
2025-10-01,09:42:05.000,353.8,150.0,353.0,354.6,300.0
2025-10-01,09:42:06.000,353.8,150.0,353.0,354.6,300.0
2025-10-01,09:42:07.000,353.8,150.0,353.0,354.6,300.0
2025-10-01,09:42:08.000,353.82,225.0,353.0,354.65,75.0
2025-10-01,09:42:09.000,353.83,75.0,353.05,354.6,300.0
2025-10-01,09:42:10.000,353.83,75.0,353.05,354.6,300.0
2025-10-01,09:42:11.000,353.78,150.0,353.0,354.55,75.0
2025-10-01,09:42:12.000,353.78,150.0,353.0,354.55,75.0
2025-10-01,09:42:13.000,353.48,300.0,352.55,354.4,300.0
2025-10-01,09:42:14.000,353.2,75.0,352.25,354.15,300.0
2025-10-01,09:42:15.000,353.2,75.0,352.25,354.15,300.0
2025-10-01,09:42:16.000,353.58,75.0,352.9,354.25,75.0
2025-10-01,09:42:17.000,353.58,75.0,352.9,354.25,75.0
2025-10-01,09:42:18.000,353.48,75.0,352.95,354.0,150.0
2025-10-01,09:42:19.000,352.83,300.0,352.05,353.6,75.0
2025-10-01,09:42:20.000,352.83,300.0,352.05,353.6,75.0
2025-10-01,09:42:21.000,353.08,75.0,352.15,354.0,150.0
2025-10-01,09:42:22.000,353.08,75.0,352.15,354.0,150.0
2025-10-01,09:42:23.000,351.0,150.0,350.0,352.0,150.0
2025-10-01,09:42:24.000,351.12,75.0,350.25,352.0,150.0
2025-10-01,09:42:25.000,351.12,75.0,350.25,352.0,150.0
2025-10-01,09:42:26.000,350.2,75.0,349.4,351.0,150.0
2025-10-01,09:42:27.000,350.2,75.0,349.4,351.0,150.0
2025-10-01,09:42:28.000,350.35,300.0,349.35,351.35,375.0
2025-10-01,09:42:29.000,350.95,75.0,350.15,351.75,300.0
2025-10-01,09:42:30.000,350.95,75.0,350.15,351.75,300.0
2025-10-01,09:42:31.000,351.0,75.0,350.25,351.75,75.0
2025-10-01,09:42:32.000,351.0,75.0,350.25,351.75,75.0
2025-10-01,09:42:33.000,350.83,75.0,350.1,351.55,150.0
2025-10-01,09:42:34.000,350.42,75.0,349.85,351.0,150.0
2025-10-01,09:42:35.000,350.42,75.0,349.85,351.0,150.0
2025-10-01,09:42:36.000,350.72,75.0,349.95,351.5,75.0
2025-10-01,09:42:37.000,351.25,75.0,350.55,351.95,150.0
2025-10-01,09:42:38.000,351.25,75.0,350.55,351.95,150.0
2025-10-01,09:42:39.000,350.82,75.0,350.2,351.45,75.0
2025-10-01,09:42:40.000,350.82,75.0,350.2,351.45,75.0
2025-10-01,09:42:41.000,349.1,75.0,348.2,350.0,75.0
2025-10-01,09:42:42.000,349.65,75.0,349.05,350.25,225.0
2025-10-01,09:42:43.000,349.65,75.0,349.05,350.25,225.0
2025-10-01,09:42:44.000,350.3,300.0,349.6,351.0,150.0
2025-10-01,09:42:45.000,350.3,300.0,349.6,351.0,150.0
2025-10-01,09:42:46.000,350.08,75.0,349.3,350.85,75.0
2025-10-01,09:42:47.000,349.32,75.0,348.65,350.0,150.0
2025-10-01,09:42:48.000,349.32,75.0,348.65,350.0,150.0
2025-10-01,09:42:49.000,350.08,75.0,349.25,350.9,150.0
2025-10-01,09:42:50.000,350.08,75.0,349.25,350.9,150.0
2025-10-01,09:42:51.000,350.32,75.0,349.65,351.0,225.0
2025-10-01,09:42:52.000,350.0,75.0,349.25,350.75,75.0
2025-10-01,09:42:53.000,350.0,75.0,349.25,350.75,75.0
2025-10-01,09:42:54.000,350.0,75.0,349.25,350.75,75.0
2025-10-01,09:42:55.000,350.0,75.0,349.25,350.75,75.0
2025-10-01,09:42:56.000,350.2,75.0,349.5,350.9,75.0
2025-10-01,09:42:57.000,350.15,75.0,349.4,350.9,75.0
2025-10-01,09:42:58.000,350.15,75.0,349.4,350.9,75.0
2025-10-01,09:42:59.000,349.95,75.0,349.15,350.75,75.0
2025-10-01,09:43:00.000,349.95,75.0,349.15,350.75,75.0
2025-10-01,09:43:01.000,350.1,75.0,349.4,350.8,75.0
2025-10-01,09:43:02.000,349.45,75.0,348.9,350.0,150.0
2025-10-01,09:43:03.000,349.45,75.0,348.9,350.0,150.0
2025-10-01,09:43:04.000,349.85,300.0,349.05,350.65,75.0
2025-10-01,09:43:05.000,349.85,300.0,349.05,350.65,75.0
2025-10-01,09:43:06.000,350.12,75.0,349.5,350.75,75.0
2025-10-01,09:43:07.000,349.98,75.0,349.25,350.7,75.0
2025-10-01,09:43:08.000,349.98,75.0,349.25,350.7,75.0
2025-10-01,09:43:09.000,349.98,75.0,349.25,350.7,75.0
2025-10-01,09:43:10.000,349.98,75.0,349.25,350.7,75.0
2025-10-01,09:43:11.000,349.78,150.0,349.0,350.55,75.0
2025-10-01,09:43:12.000,349.78,150.0,349.0,350.55,75.0
2025-10-01,09:43:13.000,349.72,150.0,349.0,350.45,75.0
2025-10-01,09:43:14.000,350.2,75.0,349.6,350.8,75.0
2025-10-01,09:43:15.000,350.2,75.0,349.6,350.8,75.0
2025-10-01,09:43:16.000,349.98,75.0,349.25,350.7,75.0
2025-10-01,09:43:17.000,349.98,75.0,349.25,350.7,75.0
2025-10-01,09:43:18.000,349.15,75.0,348.3,350.0,150.0
2025-10-01,09:43:19.000,349.02,75.0,348.3,349.75,75.0
2025-10-01,09:43:20.000,349.02,75.0,348.3,349.75,75.0
2025-10-01,09:43:21.000,348.08,75.0,347.15,349.0,150.0
2025-10-01,09:43:22.000,348.08,75.0,347.15,349.0,150.0
2025-10-01,09:43:23.000,348.02,300.0,347.05,349.0,150.0
2025-10-01,09:43:24.000,348.02,300.0,347.05,349.0,150.0
2025-10-01,09:43:25.000,348.02,300.0,347.05,349.0,150.0
2025-10-01,09:43:26.000,348.02,75.0,347.1,348.95,75.0
2025-10-01,09:43:27.000,348.02,75.0,347.1,348.95,75.0
2025-10-01,09:43:28.000,348.15,75.0,347.3,349.0,150.0
2025-10-01,09:43:29.000,348.6,75.0,347.8,349.4,75.0
2025-10-01,09:43:30.000,348.6,75.0,347.8,349.4,75.0
2025-10-01,09:43:31.000,349.4,300.0,348.5,350.3,75.0
2025-10-01,09:43:32.000,349.4,300.0,348.5,350.3,75.0
2025-10-01,09:43:33.000,349.83,75.0,349.1,350.55,75.0
2025-10-01,09:43:34.000,349.35,75.0,348.7,350.0,150.0
2025-10-01,09:43:35.000,349.35,75.0,348.7,350.0,150.0
2025-10-01,09:43:36.000,349.28,75.0,348.55,350.0,225.0
2025-10-01,09:43:37.000,349.28,75.0,348.55,350.0,225.0
2025-10-01,09:43:38.000,349.8,225.0,349.0,350.6,75.0
2025-10-01,09:43:39.000,349.8,150.0,349.0,350.6,75.0
2025-10-01,09:43:40.000,349.8,150.0,349.0,350.6,75.0
2025-10-01,09:43:41.000,350.05,75.0,349.35,350.75,75.0
2025-10-01,09:43:42.000,350.05,75.0,349.35,350.75,75.0
2025-10-01,09:43:43.000,350.18,75.0,349.35,351.0,150.0
2025-10-01,09:43:44.000,348.98,300.0,348.1,349.85,75.0
2025-10-01,09:43:45.000,348.98,300.0,348.1,349.85,75.0
2025-10-01,09:43:46.000,349.15,75.0,348.45,349.85,75.0
2025-10-01,09:43:47.000,349.15,75.0,348.45,349.85,75.0
2025-10-01,09:43:48.000,348.0,75.0,347.2,348.8,75.0
2025-10-01,09:43:49.000,348.1,300.0,347.3,348.9,75.0
2025-10-01,09:43:50.000,348.1,300.0,347.3,348.9,75.0
2025-10-01,09:43:51.000,348.4,300.0,347.6,349.2,75.0
2025-10-01,09:43:52.000,348.4,300.0,347.6,349.2,75.0
2025-10-01,09:43:53.000,348.83,300.0,348.05,349.6,75.0
2025-10-01,09:43:54.000,348.3,75.0,347.6,349.0,150.0
2025-10-01,09:43:55.000,348.3,75.0,347.6,349.0,150.0
2025-10-01,09:43:56.000,347.02,300.0,346.05,348.0,150.0
2025-10-01,09:43:57.000,347.02,300.0,346.05,348.0,150.0
2025-10-01,09:43:58.000,346.82,150.0,346.0,347.65,75.0
2025-10-01,09:43:59.000,345.38,75.0,344.15,346.6,75.0
2025-10-01,09:44:00.000,345.38,75.0,344.15,346.6,75.0
2025-10-01,09:44:01.000,346.12,75.0,345.25,347.0,150.0
2025-10-01,09:44:02.000,346.12,75.0,345.25,347.0,150.0
2025-10-01,09:44:03.000,346.4,300.0,345.6,347.2,75.0
2025-10-01,09:44:04.000,345.9,75.0,345.1,346.7,75.0
2025-10-01,09:44:05.000,345.9,75.0,345.1,346.7,75.0
2025-10-01,09:44:06.000,345.05,75.0,344.15,345.95,75.0
2025-10-01,09:44:07.000,345.05,75.0,344.15,345.95,75.0
2025-10-01,09:44:08.000,345.9,150.0,345.0,346.8,75.0
2025-10-01,09:44:09.000,345.2,75.0,344.4,346.0,150.0
2025-10-01,09:44:10.000,345.2,75.0,344.4,346.0,150.0
2025-10-01,09:44:11.000,345.2,75.0,344.4,346.0,150.0
2025-10-01,09:44:12.000,345.2,75.0,344.4,346.0,150.0
2025-10-01,09:44:13.000,345.12,300.0,344.25,346.0,225.0
2025-10-01,09:44:14.000,345.12,300.0,344.3,345.95,75.0
2025-10-01,09:44:15.000,345.12,300.0,344.3,345.95,75.0
2025-10-01,09:44:16.000,344.98,75.0,344.1,345.85,75.0
2025-10-01,09:44:17.000,344.98,75.0,344.1,345.85,75.0
2025-10-01,09:44:18.000,343.88,150.0,343.0,344.75,75.0
2025-10-01,09:44:19.000,343.98,300.0,343.1,344.85,75.0
2025-10-01,09:44:20.000,343.98,300.0,343.1,344.85,75.0
2025-10-01,09:44:21.000,344.1,300.0,343.2,345.0,150.0
2025-10-01,09:44:22.000,344.1,300.0,343.2,345.0,150.0
2025-10-01,09:44:23.000,344.15,75.0,343.35,344.95,75.0
2025-10-01,09:44:24.000,344.08,75.0,343.15,345.0,225.0
2025-10-01,09:44:25.000,344.08,75.0,343.15,345.0,225.0
2025-10-01,09:44:26.000,342.88,150.0,342.0,343.75,300.0
2025-10-01,09:44:27.000,342.88,150.0,342.0,343.75,300.0
2025-10-01,09:44:28.000,341.98,150.0,341.0,342.95,75.0
2025-10-01,09:44:29.000,342.08,75.0,341.15,343.0,75.0
2025-10-01,09:44:30.000,342.08,75.0,341.15,343.0,75.0
2025-10-01,09:44:31.000,342.05,300.0,341.15,342.95,75.0
2025-10-01,09:44:32.000,342.05,300.0,341.15,342.95,75.0
2025-10-01,09:44:33.000,342.8,150.0,342.0,343.6,75.0
2025-10-01,09:44:34.000,343.08,75.0,342.15,344.0,150.0
2025-10-01,09:44:35.000,343.08,75.0,342.15,344.0,150.0
2025-10-01,09:44:36.000,342.95,75.0,342.1,343.8,75.0
2025-10-01,09:44:37.000,342.95,75.0,342.1,343.8,75.0
2025-10-01,09:44:38.000,343.68,150.0,343.0,344.35,75.0
2025-10-01,09:44:39.000,343.88,150.0,343.0,344.75,150.0
2025-10-01,09:44:40.000,343.88,150.0,343.0,344.75,150.0
2025-10-01,09:44:41.000,344.1,75.0,343.45,344.75,75.0
2025-10-01,09:44:42.000,344.1,75.0,343.45,344.75,75.0
2025-10-01,09:44:43.000,344.22,75.0,343.6,344.85,75.0
2025-10-01,09:44:44.000,344.12,150.0,343.25,345.0,225.0
2025-10-01,09:44:45.000,344.12,150.0,343.25,345.0,225.0
2025-10-01,09:44:46.000,343.25,75.0,342.5,344.0,225.0
2025-10-01,09:44:47.000,343.25,75.0,342.5,344.0,225.0
2025-10-01,09:44:48.000,342.28,75.0,341.55,343.0,225.0
2025-10-01,09:44:49.000,342.72,150.0,342.0,343.45,75.0
2025-10-01,09:44:50.000,342.72,150.0,342.0,343.45,75.0
2025-10-01,09:44:51.000,343.08,300.0,342.25,343.9,75.0
2025-10-01,09:44:52.000,343.08,300.0,342.25,343.9,75.0
2025-10-01,09:44:53.000,343.25,300.0,342.5,344.0,150.0
2025-10-01,09:44:54.000,343.48,75.0,342.65,344.3,75.0
2025-10-01,09:44:55.000,343.48,75.0,342.65,344.3,75.0
2025-10-01,09:44:56.000,343.52,75.0,342.6,344.45,75.0
2025-10-01,09:44:57.000,343.52,75.0,342.6,344.45,75.0
2025-10-01,09:44:58.000,343.72,150.0,343.0,344.45,75.0
2025-10-01,09:44:59.000,343.78,150.0,343.0,344.55,75.0
2025-10-01,09:45:00.000,343.78,150.0,343.0,344.55,75.0
2025-10-01,09:45:01.000,344.02,75.0,343.05,345.0,150.0
2025-10-01,09:45:02.000,344.02,75.0,343.05,345.0,150.0
2025-10-01,09:45:03.000,345.2,75.0,344.4,346.0,75.0
2025-10-01,09:45:04.000,344.0,75.0,343.1,344.9,75.0
2025-10-01,09:45:05.000,344.0,75.0,343.1,344.9,75.0
2025-10-01,09:45:06.000,344.18,300.0,343.35,345.0,150.0
2025-10-01,09:45:07.000,344.18,300.0,343.35,345.0,150.0
2025-10-01,09:45:08.000,344.02,75.0,343.15,344.9,300.0
2025-10-01,09:45:09.000,344.2,450.0,343.35,345.05,450.0
2025-10-01,09:45:10.000,344.2,450.0,343.35,345.05,450.0
2025-10-01,09:45:11.000,343.98,525.0,343.15,344.8,375.0
2025-10-01,09:45:12.000,343.98,525.0,343.15,344.8,375.0
2025-10-01,09:45:13.000,344.02,450.0,343.25,344.8,75.0
2025-10-01,09:45:14.000,343.92,75.0,343.25,344.6,300.0
2025-10-01,09:45:15.000,343.92,75.0,343.25,344.6,300.0
2025-10-01,09:45:16.000,343.02,300.0,342.05,344.0,225.0
2025-10-01,09:45:17.000,343.02,300.0,342.05,344.0,225.0
2025-10-01,09:45:18.000,342.72,150.0,342.0,343.45,375.0
2025-10-01,09:45:19.000,342.72,150.0,342.0,343.45,375.0
2025-10-01,09:45:20.000,342.83,525.0,342.1,343.55,75.0
2025-10-01,09:45:21.000,342.9,75.0,342.25,343.55,75.0
2025-10-01,09:45:22.000,342.9,75.0,342.25,343.55,75.0
2025-10-01,09:45:23.000,343.88,300.0,343.05,344.7,600.0
2025-10-01,09:45:24.000,343.88,300.0,343.05,344.7,600.0
2025-10-01,09:45:25.000,343.8,75.0,343.2,344.4,75.0
2025-10-01,09:45:26.000,343.75,75.0,343.2,344.3,225.0
2025-10-01,09:45:27.000,343.75,75.0,343.2,344.3,225.0
2025-10-01,09:45:28.000,343.85,225.0,343.25,344.45,150.0
2025-10-01,09:45:29.000,343.85,225.0,343.25,344.45,150.0
2025-10-01,09:45:30.000,343.9,225.0,343.3,344.5,75.0
2025-10-01,09:45:31.000,344.62,225.0,343.9,345.35,300.0
2025-10-01,09:45:32.000,344.62,225.0,343.9,345.35,300.0
2025-10-01,09:45:33.000,345.5,225.0,345.0,346.0,150.0
2025-10-01,09:45:34.000,345.5,225.0,345.0,346.0,150.0
