Date,Time,MID_PRICE,BID_SIZE,BID_PRICE,ASK_PRICE,ASK_SIZE
2025-10-01,09:15:00.000,375.3,300.0,374.95,375.65,150.0
2025-10-01,09:15:01.000,373.38,375.0,369.6,377.15,525.0
2025-10-01,09:15:02.000,373.4,375.0,372.75,374.05,375.0
2025-10-01,09:15:03.000,373.4,375.0,372.75,374.05,375.0
2025-10-01,09:15:04.000,371.9,75.0,371.7,372.1,150.0
2025-10-01,09:15:05.000,375.88,150.0,375.75,376.0,75.0
2025-10-01,09:15:06.000,376.35,150.0,375.75,376.95,150.0
2025-10-01,09:15:07.000,378.7,75.0,377.3,380.1,375.0
2025-10-01,09:15:08.000,378.7,75.0,377.3,380.1,375.0
2025-10-01,09:15:09.000,379.52,225.0,378.5,380.55,150.0
2025-10-01,09:15:10.000,381.6,75.0,381.45,381.75,225.0
2025-10-01,09:15:11.000,381.6,75.0,381.45,381.75,225.0
2025-10-01,09:15:12.000,379.48,300.0,378.75,380.2,225.0
2025-10-01,09:15:13.000,382.38,75.0,381.75,383.0,75.0
2025-10-01,09:15:14.000,384.1,75.0,383.7,384.5,225.0
2025-10-01,09:15:15.000,384.1,75.0,383.7,384.5,225.0
2025-10-01,09:15:16.000,382.62,300.0,381.8,383.45,375.0
2025-10-01,09:15:17.000,383.1,75.0,382.55,383.65,525.0
2025-10-01,09:15:18.000,384.88,150.0,384.3,385.45,375.0
2025-10-01,09:15:19.000,384.88,150.0,384.3,385.45,375.0
2025-10-01,09:15:20.000,383.52,225.0,382.85,384.2,300.0
2025-10-01,09:15:21.000,383.12,75.0,382.65,383.6,225.0
2025-10-01,09:15:22.000,383.12,75.0,382.65,383.6,225.0
2025-10-01,09:15:23.000,382.1,75.0,381.9,382.3,1800.0
2025-10-01,09:15:24.000,380.6,825.0,380.25,380.95,450.0
2025-10-01,09:15:25.000,382.12,525.0,381.5,382.75,300.0
2025-10-01,09:15:26.000,382.12,525.0,381.5,382.75,300.0
2025-10-01,09:15:27.000,380.4,150.0,380.0,380.8,75.0
2025-10-01,09:15:28.000,378.75,75.0,378.15,379.35,450.0
2025-10-01,09:15:29.000,378.42,75.0,377.9,378.95,600.0
2025-10-01,09:15:30.000,378.42,75.0,377.9,378.95,600.0
2025-10-01,09:15:31.000,378.28,375.0,377.75,378.8,300.0
2025-10-01,09:15:32.000,378.92,675.0,378.4,379.45,300.0
2025-10-01,09:15:33.000,378.68,225.0,378.25,379.1,225.0
2025-10-01,09:15:34.000,378.68,225.0,378.25,379.1,225.0
2025-10-01,09:15:35.000,379.58,375.0,379.05,380.1,75.0
2025-10-01,09:15:36.000,380.4,75.0,380.05,380.75,225.0
2025-10-01,09:15:37.000,377.62,225.0,377.0,378.25,375.0
2025-10-01,09:15:38.000,377.62,225.0,377.0,378.25,375.0
2025-10-01,09:15:39.000,379.05,375.0,378.4,379.7,525.0
2025-10-01,09:15:40.000,379.5,225.0,379.0,380.0,75.0
2025-10-01,09:15:41.000,379.5,225.0,379.0,380.0,75.0
2025-10-01,09:15:42.000,378.85,375.0,378.3,379.4,75.0
2025-10-01,09:15:43.000,377.28,525.0,376.7,377.85,1800.0
2025-10-01,09:15:44.000,376.88,225.0,376.5,377.25,1800.0
2025-10-01,09:15:45.000,376.85,525.0,376.3,377.4,225.0
2025-10-01,09:15:46.000,376.85,525.0,376.3,377.4,225.0
2025-10-01,09:15:47.000,376.45,375.0,375.9,377.0,375.0
2025-10-01,09:15:48.000,376.22,225.0,375.7,376.75,75.0
2025-10-01,09:15:49.000,375.45,150.0,375.0,375.9,375.0
2025-10-01,09:15:50.000,375.38,150.0,374.9,375.85,75.0
2025-10-01,09:15:51.000,375.38,150.0,374.9,375.85,75.0
2025-10-01,09:15:52.000,375.98,150.0,375.5,376.45,450.0
2025-10-01,09:15:53.000,374.68,150.0,374.25,375.1,375.0
2025-10-01,09:15:54.000,374.55,300.0,374.05,375.05,375.0
2025-10-01,09:15:55.000,374.55,300.0,374.05,375.05,375.0
2025-10-01,09:15:56.000,373.12,375.0,372.55,373.7,225.0
2025-10-01,09:15:57.000,374.38,225.0,373.8,374.95,450.0
2025-10-01,09:15:58.000,373.82,300.0,373.4,374.25,75.0
2025-10-01,09:15:59.000,373.82,300.0,373.4,374.25,75.0
2025-10-01,09:16:00.000,373.25,75.0,372.75,373.75,75.0
2025-10-01,09:16:01.000,372.68,225.0,372.1,373.25,525.0
2025-10-01,09:16:02.000,371.88,150.0,371.3,372.45,150.0
2025-10-01,09:16:03.000,371.88,150.0,371.3,372.45,150.0
2025-10-01,09:16:04.000,370.9,375.0,370.35,371.45,1800.0
2025-10-01,09:16:05.000,372.6,225.0,372.1,373.1,375.0
2025-10-01,09:16:06.000,374.0,75.0,373.55,374.45,75.0
2025-10-01,09:16:07.000,374.0,75.0,373.55,374.45,75.0
2025-10-01,09:16:08.000,374.28,75.0,374.15,374.4,75.0
2025-10-01,09:16:09.000,374.88,75.0,374.4,375.35,1800.0
2025-10-01,09:16:10.000,373.83,150.0,373.3,374.35,1950.0
2025-10-01,09:16:11.000,373.83,150.0,373.3,374.35,1950.0
2025-10-01,09:16:12.000,374.28,75.0,373.85,374.7,375.0
2025-10-01,09:16:13.000,373.32,75.0,372.9,373.75,525.0
2025-10-01,09:16:14.000,374.4,75.0,374.05,374.75,75.0
2025-10-01,09:16:15.000,374.4,75.0,374.05,374.75,75.0
2025-10-01,09:16:16.000,374.32,75.0,373.95,374.7,225.0
2025-10-01,09:16:17.000,372.42,600.0,372.05,372.8,225.0
2025-10-01,09:16:18.000,371.45,225.0,371.0,371.9,1875.0
2025-10-01,09:16:19.000,371.45,225.0,371.0,371.9,1875.0
2025-10-01,09:16:20.000,372.0,75.0,371.55,372.45,75.0
2025-10-01,09:16:21.000,371.88,825.0,371.35,372.4,1800.0
2025-10-01,09:16:22.000,372.65,750.0,372.2,373.1,300.0
2025-10-01,09:16:23.000,372.65,750.0,372.2,373.1,300.0
2025-10-01,09:16:24.000,372.15,75.0,371.75,372.55,1875.0
2025-10-01,09:16:25.000,372.2,75.0,372.0,372.4,2100.0
2025-10-01,09:16:26.000,372.02,225.0,371.6,372.45,75.0
2025-10-01,09:16:27.000,372.82,300.0,372.2,373.45,75.0
2025-10-01,09:16:28.000,372.82,300.0,372.2,373.45,75.0
2025-10-01,09:16:29.000,371.88,75.0,371.4,372.35,75.0
2025-10-01,09:16:30.000,371.88,75.0,371.35,372.4,225.0
2025-10-01,09:16:31.000,372.75,225.0,372.3,373.2,75.0
2025-10-01,09:16:32.000,372.75,225.0,372.3,373.2,75.0
2025-10-01,09:16:33.000,372.5,75.0,372.05,372.95,150.0
2025-10-01,09:16:34.000,372.25,225.0,371.8,372.7,150.0
2025-10-01,09:16:35.000,372.25,225.0,371.8,372.7,150.0
2025-10-01,09:16:36.000,371.3,225.0,371.0,371.6,525.0
2025-10-01,09:16:37.000,370.12,225.0,370.0,370.25,75.0
2025-10-01,09:16:38.000,369.2,75.0,368.65,369.75,1800.0
2025-10-01,09:16:39.000,369.2,75.0,368.65,369.75,1800.0
2025-10-01,09:16:40.000,368.83,225.0,368.35,369.3,1800.0
2025-10-01,09:16:41.000,368.3,225.0,368.0,368.6,1050.0
2025-10-01,09:16:42.000,367.22,450.0,366.65,367.8,1800.0
2025-10-01,09:16:43.000,367.22,450.0,366.65,367.8,1800.0
2025-10-01,09:16:44.000,368.6,450.0,368.05,369.15,150.0
2025-10-01,09:16:45.000,369.52,225.0,369.0,370.05,900.0
2025-10-01,09:16:46.000,369.52,225.0,369.0,370.05,900.0
2025-10-01,09:16:47.000,369.95,75.0,369.65,370.25,225.0
2025-10-01,09:16:48.000,368.1,450.0,367.6,368.6,900.0
2025-10-01,09:16:49.000,369.42,375.0,368.8,370.05,600.0
2025-10-01,09:16:50.000,369.42,375.0,368.8,370.05,600.0
2025-10-01,09:16:51.000,369.7,225.0,369.2,370.2,225.0
2025-10-01,09:16:52.000,369.75,225.0,369.25,370.25,225.0
2025-10-01,09:16:53.000,369.75,225.0,369.25,370.25,225.0
2025-10-01,09:16:54.000,369.95,2175.0,369.45,370.45,75.0
2025-10-01,09:16:55.000,369.6,375.0,369.0,370.2,450.0
2025-10-01,09:16:56.000,369.6,375.0,369.05,370.15,900.0
2025-10-01,09:16:57.000,369.6,375.0,369.05,370.15,900.0
2025-10-01,09:16:58.000,369.05,375.0,368.75,369.35,75.0
2025-10-01,09:16:59.000,369.3,75.0,368.85,369.75,75.0
2025-10-01,09:17:00.000,369.25,450.0,369.0,369.5,225.0
2025-10-01,09:17:01.000,369.25,450.0,369.0,369.5,225.0
2025-10-01,09:17:02.000,368.32,225.0,368.0,368.65,600.0
2025-10-01,09:17:03.000,368.4,300.0,368.0,368.8,1200.0
2025-10-01,09:17:04.000,368.4,300.0,368.0,368.8,1200.0
2025-10-01,09:17:05.000,368.3,375.0,367.85,368.75,225.0
2025-10-01,09:17:06.000,367.45,375.0,367.05,367.85,225.0
2025-10-01,09:17:07.000,367.4,450.0,366.95,367.85,375.0
2025-10-01,09:17:08.000,367.4,450.0,366.95,367.85,375.0
2025-10-01,09:17:09.000,367.02,225.0,366.55,367.5,225.0
2025-10-01,09:17:10.000,366.42,600.0,366.0,366.85,1125.0
2025-10-01,09:17:11.000,366.42,600.0,366.0,366.85,1125.0
2025-10-01,09:17:12.000,367.22,225.0,366.8,367.65,375.0
2025-10-01,09:17:13.000,367.82,225.0,367.45,368.2,75.0
2025-10-01,09:17:14.000,368.5,375.0,368.05,368.95,375.0
2025-10-01,09:17:15.000,368.5,375.0,368.05,368.95,375.0
2025-10-01,09:17:16.000,368.68,75.0,368.3,369.05,375.0
2025-10-01,09:17:17.000,369.5,75.0,369.1,369.9,825.0
2025-10-01,09:17:18.000,371.22,75.0,370.95,371.5,375.0
2025-10-01,09:17:19.000,371.22,75.0,370.95,371.5,375.0
2025-10-01,09:17:20.000,370.08,375.0,369.65,370.5,75.0
2025-10-01,09:17:21.000,370.7,225.0,370.3,371.1,375.0
2025-10-01,09:17:22.000,370.7,225.0,370.3,371.1,375.0
2025-10-01,09:17:23.000,370.6,300.0,370.2,371.0,375.0
2025-10-01,09:17:24.000,373.1,225.0,372.65,373.55,375.0
2025-10-01,09:17:25.000,373.25,75.0,372.9,373.6,300.0
2025-10-01,09:17:26.000,373.25,75.0,372.9,373.6,300.0
2025-10-01,09:17:27.000,372.85,75.0,372.6,373.1,225.0
2025-10-01,09:17:28.000,374.25,75.0,373.95,374.55,300.0
2025-10-01,09:17:29.000,374.25,75.0,373.95,374.55,300.0
2025-10-01,09:17:30.000,374.7,300.0,374.3,375.1,300.0
2025-10-01,09:17:31.000,375.88,75.0,375.55,376.2,375.0
2025-10-01,09:17:32.000,375.15,525.0,374.7,375.6,300.0
2025-10-01,09:17:33.000,375.15,525.0,374.7,375.6,300.0
2025-10-01,09:17:34.000,374.7,75.0,374.3,375.1,450.0
2025-10-01,09:17:35.000,374.05,450.0,373.6,374.5,75.0
2025-10-01,09:17:36.000,374.05,450.0,373.6,374.5,75.0
2025-10-01,09:17:37.000,374.88,1875.0,374.6,375.15,75.0
2025-10-01,09:17:38.000,376.02,1725.0,375.75,376.3,225.0
2025-10-01,09:17:39.000,376.35,225.0,375.85,376.85,900.0
2025-10-01,09:17:40.000,376.35,225.0,375.85,376.85,900.0
2025-10-01,09:17:41.000,377.17,225.0,376.7,377.65,825.0
2025-10-01,09:17:42.000,376.88,75.0,376.5,377.25,75.0
2025-10-01,09:17:43.000,376.88,75.0,376.5,377.25,75.0
2025-10-01,09:17:44.000,376.75,75.0,376.35,377.15,75.0
2025-10-01,09:17:45.000,376.22,1800.0,375.75,376.7,225.0
2025-10-01,09:17:46.000,375.4,75.0,374.85,375.95,225.0
2025-10-01,09:17:47.000,375.4,75.0,374.85,375.95,225.0
2025-10-01,09:17:48.000,374.28,2175.0,373.8,374.75,300.0
2025-10-01,09:17:49.000,374.0,225.0,373.55,374.45,150.0
2025-10-01,09:17:50.000,373.42,1950.0,373.05,373.8,75.0
2025-10-01,09:17:51.000,373.42,1950.0,373.05,373.8,75.0
2025-10-01,09:17:52.000,375.4,150.0,374.9,375.9,75.0
2025-10-01,09:17:53.000,376.3,2175.0,375.75,376.85,600.0
2025-10-01,09:17:54.000,376.3,2175.0,375.75,376.85,600.0
2025-10-01,09:17:55.000,376.62,225.0,376.15,377.1,1125.0
2025-10-01,09:17:56.000,377.02,75.0,376.7,377.35,525.0
2025-10-01,09:17:57.000,377.52,75.0,377.1,377.95,525.0
2025-10-01,09:17:58.000,377.52,75.0,377.1,377.95,525.0
2025-10-01,09:17:59.000,378.45,1125.0,377.95,378.95,525.0
2025-10-01,09:18:00.000,379.35,300.0,378.8,379.9,75.0
2025-10-01,09:18:01.000,379.35,300.0,378.8,379.9,75.0
2025-10-01,09:18:02.000,378.0,300.0,377.45,378.55,225.0
2025-10-01,09:18:03.000,376.78,375.0,376.3,377.25,375.0
2025-10-01,09:18:04.000,376.85,225.0,376.4,377.3,375.0
2025-10-01,09:18:05.000,376.85,225.0,376.4,377.3,375.0
2025-10-01,09:18:06.000,378.5,450.0,378.0,379.0,75.0
2025-10-01,09:18:07.000,378.5,450.0,378.0,379.0,75.0
2025-10-01,09:18:08.000,376.48,75.0,376.0,376.95,300.0
2025-10-01,09:18:09.000,376.45,75.0,376.05,376.85,600.0
2025-10-01,09:18:10.000,376.45,75.0,376.05,376.85,75.0
2025-10-01,09:18:11.000,376.45,75.0,376.05,376.85,75.0
2025-10-01,09:18:12.000,377.0,75.0,376.55,377.45,225.0
2025-10-01,09:18:13.000,377.15,75.0,376.9,377.4,225.0
2025-10-01,09:18:14.000,376.85,75.0,376.45,377.25,225.0
2025-10-01,09:18:15.000,376.85,75.0,376.45,377.25,225.0
2025-10-01,09:18:16.000,377.72,225.0,377.25,378.2,150.0
2025-10-01,09:18:17.000,377.78,75.0,377.45,378.1,150.0
2025-10-01,09:18:18.000,377.78,75.0,377.45,378.1,150.0
2025-10-01,09:18:19.000,377.58,75.0,377.15,378.0,75.0
2025-10-01,09:18:20.000,378.0,75.0,377.6,378.4,150.0
2025-10-01,09:18:21.000,375.62,300.0,375.15,376.1,225.0
2025-10-01,09:18:22.000,375.62,300.0,375.15,376.1,225.0
2025-10-01,09:18:23.000,376.22,75.0,375.75,376.7,150.0
2025-10-01,09:18:24.000,376.6,75.0,376.2,377.0,150.0
2025-10-01,09:18:25.000,376.6,75.0,376.2,377.0,150.0
2025-10-01,09:18:26.000,375.42,300.0,374.9,375.95,375.0
2025-10-01,09:18:27.000,376.42,75.0,375.95,376.9,150.0
2025-10-01,09:18:28.000,375.75,225.0,375.25,376.25,150.0
2025-10-01,09:18:29.000,375.75,225.0,375.25,376.25,150.0
2025-10-01,09:18:30.000,375.3,300.0,374.75,375.85,150.0
2025-10-01,09:18:31.000,375.05,75.0,374.6,375.5,150.0
2025-10-01,09:18:32.000,375.05,75.0,374.6,375.5,150.0
2025-10-01,09:18:33.000,373.72,375.0,373.2,374.25,225.0
2025-10-01,09:18:34.000,373.55,75.0,373.15,373.95,150.0
2025-10-01,09:18:35.000,374.52,375.0,374.0,375.05,150.0
2025-10-01,09:18:36.000,374.52,375.0,374.0,375.05,150.0
2025-10-01,09:18:37.000,374.72,150.0,374.3,375.15,150.0
2025-10-01,09:18:38.000,375.42,375.0,374.95,375.9,150.0
2025-10-01,09:18:39.000,375.42,375.0,374.95,375.9,150.0
2025-10-01,09:18:40.000,374.58,600.0,374.1,375.05,150.0
2025-10-01,09:18:41.000,375.25,75.0,374.75,375.75,525.0
2025-10-01,09:18:42.000,375.98,75.0,375.5,376.45,375.0
2025-10-01,09:18:43.000,375.98,75.0,375.5,376.45,375.0
2025-10-01,09:18:44.000,376.52,150.0,376.05,377.0,375.0
2025-10-01,09:18:45.000,376.52,150.0,376.05,377.0,375.0
2025-10-01,09:18:46.000,375.92,75.0,375.6,376.25,150.0
2025-10-01,09:18:47.000,374.5,450.0,374.05,374.95,150.0
2025-10-01,09:18:48.000,374.5,450.0,374.05,374.95,150.0
2025-10-01,09:18:49.000,374.92,225.0,374.6,375.25,150.0
2025-10-01,09:18:50.000,374.92,225.0,374.6,375.25,150.0
2025-10-01,09:18:51.000,374.52,150.0,374.15,374.9,675.0
2025-10-01,09:18:52.000,374.67,75.0,374.2,375.15,600.0
2025-10-01,09:18:53.000,374.67,75.0,374.2,375.15,600.0
2025-10-01,09:18:54.000,373.3,375.0,373.0,373.6,75.0
2025-10-01,09:18:55.000,373.3,375.0,373.0,373.6,75.0
2025-10-01,09:18:56.000,373.28,600.0,373.05,373.5,225.0
2025-10-01,09:18:57.000,374.02,225.0,373.5,374.55,375.0
2025-10-01,09:18:58.000,374.02,225.0,373.5,374.55,375.0
2025-10-01,09:18:59.000,372.58,375.0,372.05,373.1,225.0
2025-10-01,09:19:00.000,372.58,375.0,372.05,373.1,225.0
2025-10-01,09:19:01.000,372.22,75.0,372.0,372.45,75.0
2025-10-01,09:19:02.000,371.92,75.0,371.85,372.0,75.0
2025-10-01,09:19:03.000,371.92,75.0,371.85,372.0,75.0
2025-10-01,09:19:04.000,372.3,225.0,371.9,372.7,375.0
2025-10-01,09:19:05.000,372.3,225.0,371.9,372.7,375.0
2025-10-01,09:19:06.000,370.9,75.0,370.65,371.15,225.0
2025-10-01,09:19:07.000,372.28,225.0,371.8,372.75,150.0
2025-10-01,09:19:08.000,372.28,225.0,371.8,372.75,150.0
2025-10-01,09:19:09.000,372.38,300.0,372.05,372.7,150.0
2025-10-01,09:19:10.000,372.38,300.0,372.05,372.7,150.0
2025-10-01,09:19:11.000,371.95,150.0,371.55,372.35,225.0
2025-10-01,09:19:12.000,371.12,300.0,371.0,371.25,450.0
2025-10-01,09:19:13.000,371.12,300.0,371.0,371.25,450.0
2025-10-01,09:19:14.000,371.2,300.0,371.0,371.4,375.0
2025-10-01,09:19:15.000,371.2,300.0,371.0,371.4,375.0
2025-10-01,09:19:16.000,370.82,300.0,370.45,371.2,150.0
2025-10-01,09:19:17.000,371.42,300.0,371.1,371.75,150.0
2025-10-01,09:19:18.000,371.42,300.0,371.1,371.75,150.0
2025-10-01,09:19:19.000,370.22,1800.0,370.0,370.45,300.0
2025-10-01,09:19:20.000,370.22,1800.0,370.0,370.45,300.0
2025-10-01,09:19:21.000,368.82,150.0,368.4,369.25,150.0
2025-10-01,09:19:22.000,369.92,375.0,369.35,370.5,225.0
2025-10-01,09:19:23.000,369.92,375.0,369.35,370.5,225.0
2025-10-01,09:19:24.000,369.4,300.0,368.9,369.9,150.0
2025-10-01,09:19:25.000,369.4,300.0,368.9,369.9,150.0
2025-10-01,09:19:26.000,370.55,225.0,370.1,371.0,150.0
2025-10-01,09:19:27.000,371.62,75.0,371.2,372.05,225.0
2025-10-01,09:19:28.000,371.62,75.0,371.2,372.05,225.0
2025-10-01,09:19:29.000,372.2,75.0,371.9,372.5,525.0
2025-10-01,09:19:30.000,372.2,75.0,371.9,372.5,525.0
2025-10-01,09:19:31.000,373.85,150.0,373.45,374.25,375.0
2025-10-01,09:19:32.000,372.5,75.0,372.15,372.85,75.0
2025-10-01,09:19:33.000,372.5,75.0,372.15,372.85,75.0
2025-10-01,09:19:34.000,373.1,150.0,372.85,373.35,150.0
2025-10-01,09:19:35.000,373.1,150.0,372.85,373.35,150.0
2025-10-01,09:19:36.000,372.2,150.0,371.75,372.65,150.0
2025-10-01,09:19:37.000,372.78,225.0,372.25,373.3,150.0
2025-10-01,09:19:38.000,372.78,225.0,372.25,373.3,150.0
2025-10-01,09:19:39.000,372.17,150.0,371.9,372.45,150.0
2025-10-01,09:19:40.000,372.17,150.0,371.9,372.45,150.0
2025-10-01,09:19:41.000,373.0,225.0,372.8,373.2,225.0
2025-10-01,09:19:42.000,373.58,150.0,373.35,373.8,225.0
2025-10-01,09:19:43.000,373.58,150.0,373.35,373.8,225.0
2025-10-01,09:19:44.000,373.22,75.0,372.8,373.65,150.0
2025-10-01,09:19:45.000,373.22,75.0,372.8,373.65,150.0
2025-10-01,09:19:46.000,374.18,150.0,374.1,374.25,225.0
2025-10-01,09:19:47.000,373.4,750.0,373.05,373.75,450.0
2025-10-01,09:19:48.000,373.4,750.0,373.05,373.75,450.0
2025-10-01,09:19:49.000,372.4,600.0,371.8,373.0,225.0
2025-10-01,09:19:50.000,372.4,600.0,371.8,373.0,225.0
2025-10-01,09:19:51.000,370.78,150.0,370.3,371.25,375.0
2025-10-01,09:19:52.000,370.22,900.0,370.2,370.25,225.0
2025-10-01,09:19:53.000,370.22,900.0,370.2,370.25,225.0
2025-10-01,09:19:54.000,370.28,300.0,369.8,370.75,150.0
2025-10-01,09:19:55.000,370.28,300.0,369.8,370.75,150.0
2025-10-01,09:19:56.000,370.18,375.0,369.75,370.6,75.0
2025-10-01,09:19:57.000,369.25,750.0,368.8,369.7,150.0
2025-10-01,09:19:58.000,369.25,750.0,368.8,369.7,150.0
2025-10-01,09:19:59.000,367.62,300.0,367.3,367.95,75.0
2025-10-01,09:20:00.000,367.62,300.0,367.3,367.95,75.0
2025-10-01,09:20:01.000,366.78,600.0,366.35,367.2,225.0
2025-10-01,09:20:02.000,367.15,75.0,366.75,367.55,300.0
2025-10-01,09:20:03.000,367.15,75.0,366.75,367.55,300.0
2025-10-01,09:20:04.000,366.62,75.0,366.2,367.05,225.0
2025-10-01,09:20:05.000,366.62,75.0,366.2,367.05,225.0
2025-10-01,09:20:06.000,367.7,450.0,367.25,368.15,75.0
2025-10-01,09:20:07.000,366.42,375.0,365.95,366.9,75.0
2025-10-01,09:20:08.000,366.42,375.0,365.95,366.9,75.0
2025-10-01,09:20:09.000,366.58,675.0,366.35,366.8,225.0
2025-10-01,09:20:10.000,366.58,675.0,366.35,366.8,225.0
2025-10-01,09:20:11.000,365.55,375.0,365.1,366.0,75.0
2025-10-01,09:20:12.000,364.92,300.0,364.55,365.3,150.0
2025-10-01,09:20:13.000,364.92,300.0,364.55,365.3,150.0
2025-10-01,09:20:14.000,365.2,225.0,364.75,365.65,75.0
2025-10-01,09:20:15.000,365.2,225.0,364.75,365.65,75.0
2025-10-01,09:20:16.000,363.5,675.0,362.95,364.05,225.0
2025-10-01,09:20:17.000,364.4,375.0,364.1,364.7,75.0
2025-10-01,09:20:18.000,364.4,375.0,364.1,364.7,75.0
2025-10-01,09:20:19.000,364.15,300.0,363.75,364.55,300.0
2025-10-01,09:20:20.000,364.15,300.0,363.75,364.55,300.0
2025-10-01,09:20:21.000,362.52,150.0,362.15,362.9,225.0
2025-10-01,09:20:22.000,363.32,150.0,362.95,363.7,150.0
2025-10-01,09:20:23.000,363.32,150.0,362.95,363.7,150.0
2025-10-01,09:20:24.000,363.7,375.0,363.2,364.2,150.0
2025-10-01,09:20:25.000,363.7,375.0,363.2,364.2,150.0
2025-10-01,09:20:26.000,362.88,450.0,362.35,363.4,450.0
2025-10-01,09:20:27.000,362.78,75.0,362.55,363.0,300.0
2025-10-01,09:20:28.000,362.78,75.0,362.55,363.0,300.0
2025-10-01,09:20:29.000,363.58,75.0,363.15,364.0,600.0
2025-10-01,09:20:30.000,363.4,750.0,363.0,363.8,300.0
2025-10-01,09:20:31.000,363.4,750.0,363.0,363.8,300.0
2025-10-01,09:20:32.000,364.32,75.0,364.0,364.65,375.0
2025-10-01,09:20:33.000,364.32,75.0,364.0,364.65,375.0
2025-10-01,09:20:34.000,364.85,75.0,364.45,365.25,225.0
2025-10-01,09:20:35.000,365.68,75.0,365.35,366.0,450.0
2025-10-01,09:20:36.000,365.68,75.0,365.35,366.0,450.0
2025-10-01,09:20:37.000,364.62,150.0,364.25,365.0,150.0
2025-10-01,09:20:38.000,364.62,150.0,364.25,365.0,150.0
2025-10-01,09:20:39.000,363.68,525.0,363.25,364.1,225.0
2025-10-01,09:20:40.000,364.5,675.0,364.15,364.85,75.0
2025-10-01,09:20:41.000,364.5,675.0,364.15,364.85,75.0
2025-10-01,09:20:42.000,366.05,375.0,365.4,366.7,75.0
2025-10-01,09:20:43.000,366.05,375.0,365.4,366.7,75.0
2025-10-01,09:20:44.000,367.35,75.0,366.9,367.8,150.0
2025-10-01,09:20:45.000,365.65,75.0,365.25,366.05,375.0
2025-10-01,09:20:46.000,365.65,75.0,365.25,366.05,375.0
2025-10-01,09:20:47.000,365.2,225.0,364.8,365.6,150.0
2025-10-01,09:20:48.000,365.2,225.0,364.8,365.6,150.0
2025-10-01,09:20:49.000,365.68,300.0,365.3,366.05,150.0
2025-10-01,09:20:50.000,366.1,75.0,365.7,366.5,150.0
2025-10-01,09:20:51.000,366.1,75.0,365.7,366.5,150.0
2025-10-01,09:20:52.000,365.8,75.0,365.45,366.15,150.0
2025-10-01,09:20:53.000,365.8,75.0,365.45,366.15,150.0
2025-10-01,09:20:54.000,367.55,75.0,367.15,367.95,150.0
2025-10-01,09:20:55.000,368.12,75.0,367.7,368.55,525.0
2025-10-01,09:20:56.000,368.12,75.0,367.7,368.55,525.0
2025-10-01,09:20:57.000,370.1,75.0,370.0,370.2,225.0
2025-10-01,09:20:58.000,370.1,75.0,370.0,370.2,225.0
2025-10-01,09:20:59.000,369.83,75.0,369.6,370.05,150.0
2025-10-01,09:21:00.000,369.8,225.0,369.5,370.1,150.0
2025-10-01,09:21:01.000,369.8,225.0,369.5,370.1,150.0
2025-10-01,09:21:02.000,368.55,150.0,368.3,368.8,150.0
2025-10-01,09:21:03.000,368.55,150.0,368.3,368.8,150.0
2025-10-01,09:21:04.000,367.55,150.0,367.45,367.65,150.0
2025-10-01,09:21:05.000,367.83,225.0,367.35,368.3,150.0
2025-10-01,09:21:06.000,367.83,225.0,367.35,368.3,150.0
2025-10-01,09:21:07.000,368.2,375.0,367.95,368.45,150.0
2025-10-01,09:21:08.000,368.2,375.0,367.95,368.45,150.0
2025-10-01,09:21:09.000,368.7,75.0,368.55,368.85,150.0
2025-10-01,09:21:10.000,369.38,150.0,369.15,369.6,825.0
2025-10-01,09:21:11.000,369.38,150.0,369.15,369.6,825.0
2025-10-01,09:21:12.000,368.7,75.0,368.4,369.0,150.0
2025-10-01,09:21:13.000,368.7,75.0,368.4,369.0,150.0
2025-10-01,09:21:14.000,369.12,75.0,368.95,369.3,225.0
2025-10-01,09:21:15.000,370.22,300.0,369.9,370.55,150.0
2025-10-01,09:21:16.000,370.22,300.0,369.9,370.55,150.0
2025-10-01,09:21:17.000,371.6,75.0,371.35,371.85,150.0
2025-10-01,09:21:18.000,371.6,75.0,371.35,371.85,150.0
2025-10-01,09:21:19.000,371.1,75.0,370.8,371.4,150.0
2025-10-01,09:21:20.000,370.78,225.0,370.45,371.1,150.0
2025-10-01,09:21:21.000,370.78,225.0,370.45,371.1,150.0
2025-10-01,09:21:22.000,369.25,150.0,369.0,369.5,225.0
2025-10-01,09:21:23.000,369.25,150.0,369.0,369.5,225.0
2025-10-01,09:21:24.000,369.08,75.0,368.7,369.45,150.0
2025-10-01,09:21:25.000,368.02,75.0,367.55,368.5,300.0
2025-10-01,09:21:26.000,368.02,75.0,367.55,368.5,300.0
2025-10-01,09:21:27.000,367.0,75.0,366.65,367.35,150.0
2025-10-01,09:21:28.000,367.0,75.0,366.65,367.35,150.0
2025-10-01,09:21:29.000,366.5,300.0,366.05,366.95,225.0
2025-10-01,09:21:30.000,366.42,150.0,366.0,366.85,450.0
2025-10-01,09:21:31.000,366.42,150.0,366.0,366.85,450.0
2025-10-01,09:21:32.000,367.0,450.0,366.5,367.5,225.0
2025-10-01,09:21:33.000,367.0,450.0,366.5,367.5,225.0
2025-10-01,09:21:34.000,368.08,300.0,367.5,368.65,300.0
2025-10-01,09:21:35.000,367.92,150.0,367.75,368.1,75.0
2025-10-01,09:21:36.000,367.92,150.0,367.75,368.1,75.0
2025-10-01,09:21:37.000,367.62,75.0,367.2,368.05,225.0
2025-10-01,09:21:38.000,367.62,75.0,367.2,368.05,225.0
2025-10-01,09:21:39.000,368.5,75.0,368.3,368.7,825.0
2025-10-01,09:21:40.000,368.78,150.0,368.65,368.9,75.0
2025-10-01,09:21:41.000,368.78,150.0,368.65,368.9,75.0
2025-10-01,09:21:42.000,369.02,150.0,368.75,369.3,75.0
2025-10-01,09:21:43.000,369.02,150.0,368.75,369.3,75.0
2025-10-01,09:21:44.000,369.08,150.0,368.8,369.35,75.0
2025-10-01,09:21:45.000,368.55,75.0,368.25,368.85,375.0
2025-10-01,09:21:46.000,368.55,75.0,368.25,368.85,375.0
2025-10-01,09:21:47.000,369.3,750.0,368.9,369.7,150.0
2025-10-01,09:21:48.000,369.3,750.0,368.9,369.7,150.0
2025-10-01,09:21:49.000,369.58,750.0,369.2,369.95,75.0
2025-10-01,09:21:50.000,369.9,750.0,369.55,370.25,225.0
2025-10-01,09:21:51.000,369.9,750.0,369.55,370.25,225.0
2025-10-01,09:21:52.000,369.38,300.0,369.0,369.75,150.0
2025-10-01,09:21:53.000,369.38,300.0,369.0,369.75,150.0
2025-10-01,09:21:54.000,369.0,825.0,368.6,369.4,150.0
2025-10-01,09:21:55.000,369.35,375.0,368.95,369.75,150.0
2025-10-01,09:21:56.000,369.35,375.0,368.95,369.75,150.0
2025-10-01,09:21:57.000,370.0,75.0,369.55,370.45,525.0
2025-10-01,09:21:58.000,370.0,75.0,369.55,370.45,525.0
2025-10-01,09:21:59.000,370.7,75.0,370.3,371.1,675.0
2025-10-01,09:22:00.000,372.2,75.0,371.8,372.6,375.0
2025-10-01,09:22:01.000,372.2,75.0,371.8,372.6,375.0
2025-10-01,09:22:02.000,372.5,225.0,372.15,372.85,150.0
2025-10-01,09:22:03.000,372.5,225.0,372.15,372.85,150.0
2025-10-01,09:22:04.000,372.38,750.0,372.05,372.7,150.0
2025-10-01,09:22:05.000,373.48,375.0,373.3,373.65,225.0
2025-10-01,09:22:06.000,373.48,375.0,373.3,373.65,225.0
2025-10-01,09:22:07.000,372.72,75.0,372.3,373.15,150.0
2025-10-01,09:22:08.000,372.72,75.0,372.3,373.15,150.0
2025-10-01,09:22:09.000,372.88,150.0,372.55,373.2,150.0
2025-10-01,09:22:10.000,371.15,75.0,370.8,371.5,225.0
2025-10-01,09:22:11.000,371.15,75.0,370.8,371.5,225.0
2025-10-01,09:22:12.000,372.2,150.0,371.9,372.5,525.0
2025-10-01,09:22:13.000,372.2,150.0,371.9,372.5,525.0
2025-10-01,09:22:14.000,372.88,75.0,372.4,373.35,600.0
2025-10-01,09:22:15.000,372.55,75.0,372.25,372.85,450.0
2025-10-01,09:22:16.000,372.55,75.0,372.25,372.85,450.0
2025-10-01,09:22:17.000,372.75,375.0,372.25,373.25,750.0
2025-10-01,09:22:18.000,372.75,375.0,372.25,373.25,750.0
2025-10-01,09:22:19.000,373.22,525.0,372.75,373.7,300.0
2025-10-01,09:22:20.000,373.0,75.0,372.55,373.45,600.0
2025-10-01,09:22:21.000,373.0,75.0,372.55,373.45,600.0
2025-10-01,09:22:22.000,373.18,75.0,372.8,373.55,525.0
2025-10-01,09:22:23.000,373.18,75.0,372.8,373.55,525.0
2025-10-01,09:22:24.000,373.22,75.0,372.85,373.6,75.0
2025-10-01,09:22:25.000,373.4,150.0,373.15,373.65,300.0
2025-10-01,09:22:26.000,373.4,150.0,373.15,373.65,300.0
2025-10-01,09:22:27.000,373.15,150.0,372.8,373.5,75.0
2025-10-01,09:22:28.000,373.15,150.0,372.8,373.5,75.0
2025-10-01,09:22:29.000,373.18,150.0,372.75,373.6,450.0
2025-10-01,09:22:30.000,372.38,150.0,372.15,372.6,150.0
2025-10-01,09:22:31.000,372.38,150.0,372.15,372.6,150.0
2025-10-01,09:22:32.000,372.58,75.0,372.15,373.0,150.0
2025-10-01,09:22:33.000,372.58,75.0,372.15,373.0,150.0
2025-10-01,09:22:34.000,372.08,225.0,371.6,372.55,600.0
2025-10-01,09:22:35.000,371.42,150.0,371.0,371.85,375.0
2025-10-01,09:22:36.000,371.42,150.0,371.0,371.85,375.0
2025-10-01,09:22:37.000,372.2,375.0,371.7,372.7,600.0
2025-10-01,09:22:38.000,372.2,375.0,371.7,372.7,600.0
2025-10-01,09:22:39.000,371.38,225.0,371.0,371.75,75.0
2025-10-01,09:22:40.000,371.3,75.0,370.85,371.75,75.0
2025-10-01,09:22:41.000,371.3,75.0,370.85,371.75,75.0
2025-10-01,09:22:42.000,371.83,375.0,371.3,372.35,225.0
2025-10-01,09:22:43.000,371.83,375.0,371.3,372.35,225.0
2025-10-01,09:22:44.000,371.58,300.0,371.05,372.1,300.0
2025-10-01,09:22:45.000,372.58,75.0,372.15,373.0,225.0
2025-10-01,09:22:46.000,372.58,75.0,372.15,373.0,225.0
2025-10-01,09:22:47.000,372.5,75.0,372.1,372.9,75.0
2025-10-01,09:22:48.000,372.5,75.0,372.1,372.9,75.0
2025-10-01,09:22:49.000,372.32,600.0,372.0,372.65,75.0
2025-10-01,09:22:50.000,372.48,675.0,372.0,372.95,75.0
2025-10-01,09:22:51.000,372.48,675.0,372.0,372.95,75.0
2025-10-01,09:22:52.000,371.92,900.0,371.5,372.35,75.0
2025-10-01,09:22:53.000,371.92,900.0,371.5,372.35,75.0
2025-10-01,09:22:54.000,371.58,375.0,371.1,372.05,225.0
2025-10-01,09:22:55.000,370.75,525.0,370.25,371.25,225.0
2025-10-01,09:22:56.000,370.75,525.0,370.25,371.25,225.0
2025-10-01,09:22:57.000,370.28,225.0,370.05,370.5,75.0
2025-10-01,09:22:58.000,370.28,225.0,370.05,370.5,75.0
2025-10-01,09:22:59.000,370.1,150.0,369.6,370.6,225.0
2025-10-01,09:23:00.000,369.98,525.0,369.45,370.5,225.0
2025-10-01,09:23:01.000,369.98,525.0,369.45,370.5,225.0
2025-10-01,09:23:02.000,369.22,300.0,368.75,369.7,225.0
2025-10-01,09:23:03.000,369.22,300.0,368.75,369.7,225.0
2025-10-01,09:23:04.000,369.85,375.0,369.35,370.35,300.0
2025-10-01,09:23:05.000,368.78,375.0,368.3,369.25,225.0
2025-10-01,09:23:06.000,368.78,375.0,368.3,369.25,225.0
2025-10-01,09:23:07.000,369.85,75.0,369.35,370.35,300.0
2025-10-01,09:23:08.000,369.85,75.0,369.35,370.35,300.0
2025-10-01,09:23:09.000,370.55,150.0,370.15,370.95,300.0
2025-10-01,09:23:10.000,369.05,300.0,368.55,369.55,300.0
2025-10-01,09:23:11.000,369.05,300.0,368.55,369.55,300.0
2025-10-01,09:23:12.000,370.32,675.0,369.75,370.9,300.0
2025-10-01,09:23:13.000,370.32,675.0,369.75,370.9,300.0
2025-10-01,09:23:14.000,371.28,450.0,370.75,371.8,375.0
2025-10-01,09:23:15.000,371.78,300.0,371.3,372.25,750.0
2025-10-01,09:23:16.000,371.78,300.0,371.3,372.25,750.0
2025-10-01,09:23:17.000,373.6,300.0,373.15,374.05,525.0
2025-10-01,09:23:18.000,373.6,300.0,373.15,374.05,525.0
2025-10-01,09:23:19.000,373.05,75.0,372.6,373.5,75.0
2025-10-01,09:23:20.000,373.0,75.0,372.65,373.35,300.0
2025-10-01,09:23:21.000,373.0,75.0,372.65,373.35,300.0
2025-10-01,09:23:22.000,372.15,375.0,371.65,372.65,450.0
2025-10-01,09:23:23.000,372.15,375.0,371.65,372.65,450.0
2025-10-01,09:23:24.000,372.28,525.0,371.8,372.75,300.0
2025-10-01,09:23:25.000,371.55,300.0,371.1,372.0,300.0
2025-10-01,09:23:26.000,371.55,300.0,371.1,372.0,300.0
2025-10-01,09:23:27.000,370.82,225.0,370.45,371.2,375.0
2025-10-01,09:23:28.000,370.82,225.0,370.45,371.2,375.0
2025-10-01,09:23:29.000,370.95,375.0,370.65,371.25,150.0
2025-10-01,09:23:30.000,370.72,150.0,370.4,371.05,150.0
2025-10-01,09:23:31.000,370.72,150.0,370.4,371.05,150.0
2025-10-01,09:23:32.000,371.95,150.0,371.6,372.3,150.0
2025-10-01,09:23:33.000,371.95,150.0,371.6,372.3,150.0
2025-10-01,09:23:34.000,371.72,675.0,371.3,372.15,600.0
2025-10-01,09:23:35.000,371.18,525.0,370.8,371.55,150.0
2025-10-01,09:23:36.000,371.18,525.0,370.8,371.55,150.0
2025-10-01,09:23:37.000,370.15,150.0,369.65,370.65,375.0
2025-10-01,09:23:38.000,370.15,150.0,369.65,370.65,375.0
2025-10-01,09:23:39.000,369.67,300.0,369.15,370.2,225.0
2025-10-01,09:23:40.000,369.38,450.0,368.9,369.85,225.0
2025-10-01,09:23:41.000,369.38,450.0,368.9,369.85,225.0
2025-10-01,09:23:42.000,370.48,75.0,370.0,370.95,525.0
2025-10-01,09:23:43.000,370.48,75.0,370.0,370.95,525.0
2025-10-01,09:23:44.000,370.85,300.0,370.45,371.25,150.0
2025-10-01,09:23:45.000,370.32,75.0,370.15,370.5,300.0
2025-10-01,09:23:46.000,370.32,75.0,370.15,370.5,300.0
2025-10-01,09:23:47.000,370.22,75.0,369.7,370.75,600.0
2025-10-01,09:23:48.000,370.22,75.0,369.7,370.75,600.0
2025-10-01,09:23:49.000,370.52,525.0,370.05,371.0,150.0
2025-10-01,09:23:50.000,370.9,75.0,370.65,371.15,225.0
2025-10-01,09:23:51.000,370.9,75.0,370.65,371.15,225.0
2025-10-01,09:23:52.000,372.15,150.0,371.75,372.55,150.0
2025-10-01,09:23:53.000,372.15,150.0,371.75,372.55,150.0
2025-10-01,09:23:54.000,372.58,225.0,372.15,373.0,150.0
2025-10-01,09:23:55.000,374.22,75.0,373.8,374.65,150.0
2025-10-01,09:23:56.000,374.22,75.0,373.8,374.65,150.0
2025-10-01,09:23:57.000,373.8,450.0,373.6,374.0,150.0
2025-10-01,09:23:58.000,373.8,450.0,373.6,374.0,150.0
2025-10-01,09:23:59.000,373.72,375.0,373.35,374.1,150.0
2025-10-01,09:24:00.000,374.12,150.0,373.95,374.3,150.0
2025-10-01,09:24:01.000,374.12,150.0,373.95,374.3,150.0
2025-10-01,09:24:02.000,374.58,75.0,374.15,375.0,675.0
2025-10-01,09:24:03.000,374.58,75.0,374.15,375.0,675.0
2025-10-01,09:24:04.000,374.62,150.0,374.25,375.0,525.0
2025-10-01,09:24:05.000,374.12,75.0,373.85,374.4,150.0
2025-10-01,09:24:06.000,374.12,75.0,373.85,374.4,150.0
2025-10-01,09:24:07.000,375.58,675.0,375.1,376.05,150.0
2025-10-01,09:24:08.000,375.58,675.0,375.1,376.05,150.0
2025-10-01,09:24:09.000,375.3,75.0,374.95,375.65,150.0
2025-10-01,09:24:10.000,374.88,150.0,374.5,375.25,150.0
2025-10-01,09:24:11.000,374.88,150.0,374.5,375.25,150.0
2025-10-01,09:24:12.000,374.82,150.0,374.45,375.2,150.0
2025-10-01,09:24:13.000,374.82,150.0,374.45,375.2,150.0
2025-10-01,09:24:14.000,374.8,75.0,374.4,375.2,150.0
2025-10-01,09:24:15.000,374.02,75.0,373.65,374.4,150.0
2025-10-01,09:24:16.000,374.02,75.0,373.65,374.4,150.0
2025-10-01,09:24:17.000,375.2,150.0,374.9,375.5,300.0
2025-10-01,09:24:18.000,375.2,150.0,374.9,375.5,300.0
2025-10-01,09:24:19.000,375.3,75.0,374.95,375.65,600.0
2025-10-01,09:24:20.000,376.17,75.0,375.9,376.45,300.0
2025-10-01,09:24:21.000,376.17,75.0,375.9,376.45,300.0
2025-10-01,09:24:22.000,376.17,75.0,375.7,376.65,300.0
2025-10-01,09:24:23.000,376.17,75.0,375.7,376.65,300.0
2025-10-01,09:24:24.000,375.42,450.0,374.9,375.95,600.0
2025-10-01,09:24:25.000,375.22,75.0,374.8,375.65,525.0
2025-10-01,09:24:26.000,375.22,75.0,374.8,375.65,525.0
2025-10-01,09:24:27.000,376.0,675.0,375.55,376.45,150.0
2025-10-01,09:24:28.000,376.0,675.0,375.55,376.45,150.0
2025-10-01,09:24:29.000,376.0,75.0,375.55,376.45,300.0
2025-10-01,09:24:30.000,375.7,375.0,375.3,376.1,300.0
2025-10-01,09:24:31.000,375.7,375.0,375.3,376.1,300.0
2025-10-01,09:24:32.000,374.75,75.0,374.35,375.15,300.0
2025-10-01,09:24:33.000,374.75,75.0,374.35,375.15,300.0
2025-10-01,09:24:34.000,374.0,450.0,373.55,374.45,300.0
2025-10-01,09:24:35.000,372.92,525.0,372.5,373.35,75.0
2025-10-01,09:24:36.000,372.92,525.0,372.5,373.35,75.0
2025-10-01,09:24:37.000,372.85,75.0,372.35,373.35,600.0
2025-10-01,09:24:38.000,372.85,75.0,372.35,373.35,600.0
2025-10-01,09:24:39.000,372.83,1050.0,372.3,373.35,525.0
2025-10-01,09:24:40.000,372.25,150.0,371.75,372.75,450.0
2025-10-01,09:24:41.000,372.25,150.0,371.75,372.75,450.0
2025-10-01,09:24:42.000,372.85,375.0,372.35,373.35,225.0
2025-10-01,09:24:43.000,372.85,375.0,372.35,373.35,225.0
2025-10-01,09:24:44.000,373.45,375.0,373.0,373.9,300.0
2025-10-01,09:24:45.000,373.5,300.0,373.1,373.9,75.0
2025-10-01,09:24:46.000,373.5,300.0,373.1,373.9,75.0
2025-10-01,09:24:47.000,373.98,450.0,373.5,374.45,375.0
2025-10-01,09:24:48.000,373.98,450.0,373.5,374.45,375.0
2025-10-01,09:24:49.000,373.65,75.0,373.2,374.1,300.0
2025-10-01,09:24:50.000,375.42,525.0,374.95,375.9,75.0
2025-10-01,09:24:51.000,375.42,525.0,374.95,375.9,75.0
2025-10-01,09:24:52.000,375.95,75.0,375.65,376.25,75.0
2025-10-01,09:24:53.000,375.95,75.0,375.65,376.25,75.0
2025-10-01,09:24:54.000,376.8,525.0,376.25,377.35,75.0
2025-10-01,09:24:55.000,376.95,300.0,376.5,377.4,300.0
2025-10-01,09:24:56.000,376.95,300.0,376.5,377.4,300.0
2025-10-01,09:24:57.000,376.6,150.0,376.5,376.7,225.0
2025-10-01,09:24:58.000,376.6,150.0,376.5,376.7,225.0
2025-10-01,09:24:59.000,376.98,75.0,376.65,377.3,75.0
2025-10-01,09:25:00.000,377.7,75.0,377.45,377.95,375.0
2025-10-01,09:25:01.000,377.7,75.0,377.45,377.95,375.0
2025-10-01,09:25:02.000,377.4,75.0,377.05,377.75,225.0
2025-10-01,09:25:03.000,377.52,525.0,377.05,378.0,300.0
2025-10-01,09:25:04.000,377.52,525.0,377.05,378.0,300.0
2025-10-01,09:25:05.000,377.6,150.0,377.2,378.0,150.0
2025-10-01,09:25:06.000,377.6,150.0,377.2,378.0,150.0
2025-10-01,09:25:07.000,376.05,225.0,375.55,376.55,300.0
2025-10-01,09:25:08.000,376.72,75.0,376.25,377.2,300.0
2025-10-01,09:25:09.000,376.72,75.0,376.25,377.2,300.0
2025-10-01,09:25:10.000,377.12,75.0,376.75,377.5,675.0
2025-10-01,09:25:11.000,377.12,75.0,376.75,377.5,675.0
2025-10-01,09:25:12.000,377.6,150.0,377.25,377.95,375.0
2025-10-01,09:25:13.000,378.08,75.0,377.7,378.45,525.0
2025-10-01,09:25:14.000,378.08,75.0,377.7,378.45,525.0
2025-10-01,09:25:15.000,378.58,75.0,378.25,378.9,525.0
2025-10-01,09:25:16.000,378.58,75.0,378.25,378.9,525.0
2025-10-01,09:25:17.000,379.22,75.0,378.95,379.5,75.0
2025-10-01,09:25:18.000,378.88,75.0,378.55,379.2,900.0
2025-10-01,09:25:19.000,378.88,75.0,378.55,379.2,900.0
2025-10-01,09:25:20.000,379.2,75.0,378.9,379.5,600.0
2025-10-01,09:25:21.000,379.2,75.0,378.9,379.5,600.0
2025-10-01,09:25:22.000,378.1,75.0,377.8,378.4,225.0
2025-10-01,09:25:23.000,378.22,300.0,377.7,378.75,450.0
2025-10-01,09:25:24.000,378.22,300.0,377.7,378.75,450.0
2025-10-01,09:25:25.000,378.17,150.0,377.7,378.65,375.0
2025-10-01,09:25:26.000,378.17,150.0,377.7,378.65,375.0
2025-10-01,09:25:27.000,377.67,225.0,377.15,378.2,450.0
2025-10-01,09:25:28.000,378.02,225.0,377.55,378.5,300.0
2025-10-01,09:25:29.000,378.02,225.0,377.55,378.5,300.0
2025-10-01,09:25:30.000,378.1,75.0,377.6,378.6,600.0
2025-10-01,09:25:31.000,378.1,75.0,377.6,378.6,600.0
2025-10-01,09:25:32.000,377.65,75.0,377.2,378.1,375.0
2025-10-01,09:25:33.000,378.02,525.0,377.55,378.5,525.0
2025-10-01,09:25:34.000,378.02,525.0,377.55,378.5,525.0
2025-10-01,09:25:35.000,378.25,300.0,377.95,378.55,150.0
2025-10-01,09:25:36.000,378.25,300.0,377.95,378.55,150.0
2025-10-01,09:25:37.000,378.42,375.0,378.0,378.85,75.0
2025-10-01,09:25:38.000,378.88,75.0,378.8,378.95,375.0
2025-10-01,09:25:39.000,378.88,75.0,378.8,378.95,375.0
2025-10-01,09:25:40.000,380.08,675.0,379.85,380.3,75.0
2025-10-01,09:25:41.000,380.08,675.0,379.85,380.3,75.0
2025-10-01,09:25:42.000,380.35,525.0,379.95,380.75,150.0
2025-10-01,09:25:43.000,379.78,300.0,379.3,380.25,300.0
2025-10-01,09:25:44.000,379.78,300.0,379.3,380.25,300.0
2025-10-01,09:25:45.000,379.0,450.0,378.5,379.5,75.0
2025-10-01,09:25:46.000,379.0,450.0,378.5,379.5,75.0
2025-10-01,09:25:47.000,379.12,300.0,378.65,379.6,75.0
2025-10-01,09:25:48.000,380.38,300.0,379.95,380.8,225.0
2025-10-01,09:25:49.000,380.38,300.0,379.95,380.8,225.0
2025-10-01,09:25:50.000,379.9,75.0,379.45,380.35,750.0
2025-10-01,09:25:51.000,379.9,75.0,379.45,380.35,750.0
2025-10-01,09:25:52.000,380.15,600.0,379.65,380.65,600.0
2025-10-01,09:25:53.000,379.6,300.0,379.15,380.05,525.0
2025-10-01,09:25:54.000,379.6,300.0,379.15,380.05,525.0
2025-10-01,09:25:55.000,379.25,300.0,378.85,379.65,300.0
2025-10-01,09:25:56.000,379.25,300.0,378.85,379.65,300.0
2025-10-01,09:25:57.000,378.98,225.0,378.5,379.45,600.0
2025-10-01,09:25:58.000,378.72,225.0,378.25,379.2,750.0
2025-10-01,09:25:59.000,378.72,225.0,378.25,379.2,750.0
2025-10-01,09:26:00.000,377.95,300.0,377.55,378.35,150.0
2025-10-01,09:26:01.000,377.95,300.0,377.55,378.35,150.0
2025-10-01,09:26:02.000,377.98,300.0,377.5,378.45,750.0
2025-10-01,09:26:03.000,377.8,75.0,377.4,378.2,300.0
2025-10-01,09:26:04.000,377.8,75.0,377.4,378.2,300.0
2025-10-01,09:26:05.000,377.75,375.0,377.3,378.2,75.0
2025-10-01,09:26:06.000,377.75,375.0,377.3,378.2,75.0
2025-10-01,09:26:07.000,376.7,300.0,376.2,377.2,375.0
2025-10-01,09:26:08.000,376.12,150.0,375.75,376.5,150.0
2025-10-01,09:26:09.000,376.12,150.0,375.75,376.5,150.0
2025-10-01,09:26:10.000,376.68,150.0,376.25,377.1,375.0
2025-10-01,09:26:11.000,376.68,150.0,376.25,377.1,375.0
2025-10-01,09:26:12.000,375.25,675.0,375.0,375.5,75.0
2025-10-01,09:26:13.000,374.1,150.0,373.75,374.45,75.0
2025-10-01,09:26:14.000,374.1,150.0,373.75,374.45,75.0
2025-10-01,09:26:15.000,373.42,225.0,373.0,373.85,225.0
2025-10-01,09:26:16.000,373.42,225.0,373.0,373.85,225.0
2025-10-01,09:26:17.000,373.38,450.0,373.0,373.75,75.0
2025-10-01,09:26:18.000,374.88,375.0,374.35,375.4,375.0
2025-10-01,09:26:19.000,374.88,375.0,374.35,375.4,375.0
2025-10-01,09:26:20.000,376.58,600.0,376.15,377.0,150.0
2025-10-01,09:26:21.000,376.58,600.0,376.15,377.0,150.0
2025-10-01,09:26:22.000,377.48,300.0,376.95,378.0,450.0
2025-10-01,09:26:23.000,376.52,375.0,376.05,377.0,450.0
2025-10-01,09:26:24.000,376.52,375.0,376.05,377.0,450.0
2025-10-01,09:26:25.000,377.75,300.0,377.25,378.25,225.0
2025-10-01,09:26:26.000,377.75,300.0,377.25,378.25,225.0
2025-10-01,09:26:27.000,377.92,300.0,377.4,378.45,525.0
2025-10-01,09:26:28.000,377.92,300.0,377.4,378.45,525.0
2025-10-01,09:26:29.000,377.55,75.0,377.15,377.95,75.0
2025-10-01,09:26:30.000,377.45,75.0,377.1,377.8,225.0
2025-10-01,09:26:31.000,377.45,75.0,377.1,377.8,225.0
2025-10-01,09:26:32.000,377.52,300.0,377.05,378.0,600.0
2025-10-01,09:26:33.000,377.52,300.0,377.05,378.0,600.0
2025-10-01,09:26:34.000,377.65,225.0,377.2,378.1,75.0
2025-10-01,09:26:35.000,377.75,225.0,377.3,378.2,375.0
2025-10-01,09:26:36.000,377.75,225.0,377.3,378.2,375.0
2025-10-01,09:26:37.000,377.88,75.0,377.5,378.25,225.0
2025-10-01,09:26:38.000,377.88,75.0,377.5,378.25,225.0
2025-10-01,09:26:39.000,378.2,150.0,377.8,378.6,225.0
2025-10-01,09:26:40.000,378.32,300.0,377.9,378.75,525.0
2025-10-01,09:26:41.000,378.32,300.0,377.9,378.75,525.0
2025-10-01,09:26:42.000,379.12,300.0,378.75,379.5,150.0
2025-10-01,09:26:43.000,380.32,225.0,379.9,380.75,225.0
2025-10-01,09:26:44.000,380.32,225.0,379.9,380.75,225.0
2025-10-01,09:26:45.000,379.12,150.0,378.65,379.6,225.0
2025-10-01,09:26:46.000,379.12,150.0,378.65,379.6,225.0
2025-10-01,09:26:47.000,378.88,75.0,378.55,379.2,150.0
2025-10-01,09:26:48.000,378.85,375.0,378.45,379.25,375.0
2025-10-01,09:26:49.000,378.85,375.0,378.45,379.25,375.0
2025-10-01,09:26:50.000,380.0,75.0,379.6,380.4,75.0
2025-10-01,09:26:51.000,380.0,75.0,379.6,380.4,75.0
2025-10-01,09:26:52.000,379.68,150.0,379.35,380.0,150.0
2025-10-01,09:26:53.000,380.25,1800.0,380.0,380.5,150.0
2025-10-01,09:26:54.000,380.25,1800.0,380.0,380.5,150.0
2025-10-01,09:26:55.000,380.25,375.0,380.0,380.5,225.0
2025-10-01,09:26:56.000,380.25,375.0,380.0,380.5,225.0
2025-10-01,09:26:57.000,379.92,75.0,379.85,380.0,225.0
2025-10-01,09:26:58.000,379.7,300.0,379.4,380.0,225.0
2025-10-01,09:26:59.000,379.7,300.0,379.4,380.0,225.0
2025-10-01,09:27:00.000,380.35,225.0,379.9,380.8,600.0
2025-10-01,09:27:01.000,380.35,225.0,379.9,380.8,600.0
2025-10-01,09:27:02.000,380.12,675.0,379.7,380.55,75.0
2025-10-01,09:27:03.000,379.95,75.0,379.5,380.4,375.0
2025-10-01,09:27:04.000,379.95,75.0,379.5,380.4,375.0
2025-10-01,09:27:05.000,379.83,525.0,379.3,380.35,75.0
2025-10-01,09:27:06.000,379.83,525.0,379.3,380.35,75.0
2025-10-01,09:27:07.000,378.55,75.0,378.35,378.75,600.0
2025-10-01,09:27:08.000,379.7,150.0,379.25,380.15,75.0
2025-10-01,09:27:09.000,379.7,150.0,379.25,380.15,75.0
2025-10-01,09:27:10.000,379.78,1050.0,379.4,380.15,225.0
2025-10-01,09:27:11.000,379.78,1050.0,379.4,380.15,225.0
2025-10-01,09:27:12.000,380.75,225.0,380.25,381.25,375.0
2025-10-01,09:27:13.000,380.02,600.0,379.55,380.5,450.0
2025-10-01,09:27:14.000,380.02,600.0,379.55,380.5,450.0
2025-10-01,09:27:15.000,379.17,150.0,378.9,379.45,75.0
2025-10-01,09:27:16.000,379.17,150.0,378.9,379.45,75.0
2025-10-01,09:27:17.000,380.42,150.0,379.95,380.9,300.0
2025-10-01,09:27:18.000,379.48,300.0,378.95,380.0,750.0
2025-10-01,09:27:19.000,379.48,300.0,378.95,380.0,750.0
2025-10-01,09:27:20.000,379.58,75.0,379.15,380.0,450.0
2025-10-01,09:27:21.000,379.58,75.0,379.15,380.0,450.0
2025-10-01,09:27:22.000,379.45,225.0,379.0,379.9,225.0
2025-10-01,09:27:23.000,379.15,225.0,378.75,379.55,75.0
2025-10-01,09:27:24.000,379.15,225.0,378.75,379.55,75.0
2025-10-01,09:27:25.000,378.72,150.0,378.35,379.1,75.0
2025-10-01,09:27:26.000,378.72,150.0,378.35,379.1,75.0
2025-10-01,09:27:27.000,378.98,225.0,378.45,379.5,675.0
2025-10-01,09:27:28.000,379.52,600.0,379.05,380.0,525.0
2025-10-01,09:27:29.000,379.52,600.0,379.05,380.0,525.0
2025-10-01,09:27:30.000,381.02,225.0,380.55,381.5,300.0
2025-10-01,09:27:31.000,381.02,225.0,380.55,381.5,300.0
2025-10-01,09:27:32.000,381.15,375.0,380.65,381.65,75.0
2025-10-01,09:27:33.000,381.9,225.0,381.4,382.4,675.0
2025-10-01,09:27:34.000,381.9,225.0,381.4,382.4,675.0
2025-10-01,09:27:35.000,381.1,300.0,380.6,381.6,525.0
2025-10-01,09:27:36.000,381.1,300.0,380.6,381.6,525.0
2025-10-01,09:27:37.000,381.35,375.0,380.9,381.8,300.0
2025-10-01,09:27:38.000,380.9,300.0,380.5,381.3,150.0
2025-10-01,09:27:39.000,380.9,300.0,380.5,381.3,150.0
2025-10-01,09:27:40.000,381.25,900.0,381.0,381.5,300.0
2025-10-01,09:27:41.000,381.25,900.0,381.0,381.5,300.0
2025-10-01,09:27:42.000,379.85,75.0,379.45,380.25,150.0
2025-10-01,09:27:43.000,379.85,150.0,379.4,380.3,300.0
2025-10-01,09:27:44.000,379.85,150.0,379.4,380.3,300.0
2025-10-01,09:27:45.000,380.2,75.0,379.75,380.65,75.0
2025-10-01,09:27:46.000,380.2,75.0,379.75,380.65,75.0
2025-10-01,09:27:47.000,380.05,375.0,379.6,380.5,600.0
2025-10-01,09:27:48.000,380.28,75.0,379.8,380.75,450.0
2025-10-01,09:27:49.000,380.28,75.0,379.8,380.75,450.0
2025-10-01,09:27:50.000,380.5,300.0,380.05,380.95,75.0
2025-10-01,09:27:51.000,380.5,300.0,380.05,380.95,75.0
2025-10-01,09:27:52.000,380.5,375.0,380.0,381.0,450.0
2025-10-01,09:27:53.000,379.95,75.0,379.7,380.2,1950.0
2025-10-01,09:27:54.000,379.95,75.0,379.7,380.2,1950.0
2025-10-01,09:27:55.000,379.8,75.0,379.4,380.2,2025.0
2025-10-01,09:27:56.000,379.8,75.0,379.4,380.2,2025.0
2025-10-01,09:27:57.000,379.33,225.0,378.85,379.8,225.0
2025-10-01,09:27:58.000,379.38,75.0,378.9,379.85,75.0
2025-10-01,09:27:59.000,379.38,75.0,378.9,379.85,75.0
2025-10-01,09:28:00.000,380.08,75.0,379.95,380.2,1875.0
2025-10-01,09:28:01.000,380.08,75.0,379.95,380.2,1875.0
2025-10-01,09:28:02.000,380.02,300.0,379.85,380.2,225.0
2025-10-01,09:28:03.000,381.05,225.0,380.6,381.5,225.0
2025-10-01,09:28:04.000,381.05,225.0,380.6,381.5,225.0
2025-10-01,09:28:05.000,380.3,75.0,380.0,380.6,375.0
2025-10-01,09:28:06.000,380.3,75.0,380.0,380.6,375.0
2025-10-01,09:28:07.000,381.65,225.0,381.3,382.0,150.0
2025-10-01,09:28:08.000,381.2,150.0,380.75,381.65,75.0
2025-10-01,09:28:09.000,381.2,150.0,380.75,381.65,75.0
2025-10-01,09:28:10.000,381.22,300.0,380.75,381.7,375.0
2025-10-01,09:28:11.000,381.22,300.0,380.75,381.7,375.0
2025-10-01,09:28:12.000,381.68,75.0,381.35,382.0,75.0
2025-10-01,09:28:13.000,381.62,375.0,381.25,382.0,75.0
2025-10-01,09:28:14.000,381.62,375.0,381.25,382.0,75.0
2025-10-01,09:28:15.000,380.8,150.0,380.35,381.25,75.0
2025-10-01,09:28:16.000,380.8,150.0,380.35,381.25,75.0
2025-10-01,09:28:17.000,381.88,150.0,381.35,382.4,450.0
2025-10-01,09:28:18.000,381.42,150.0,380.9,381.95,75.0
2025-10-01,09:28:19.000,381.42,150.0,380.9,381.95,75.0
2025-10-01,09:28:20.000,380.72,300.0,380.25,381.2,450.0
2025-10-01,09:28:21.000,380.72,300.0,380.25,381.2,450.0
2025-10-01,09:28:22.000,380.7,225.0,380.25,381.15,75.0
2025-10-01,09:28:23.000,381.72,75.0,381.25,382.2,525.0
2025-10-01,09:28:24.000,381.72,75.0,381.25,382.2,525.0
2025-10-01,09:28:25.000,382.22,75.0,381.95,382.5,375.0
2025-10-01,09:28:26.000,382.22,75.0,381.95,382.5,375.0
2025-10-01,09:28:27.000,382.18,150.0,381.85,382.5,375.0
2025-10-01,09:28:28.000,382.78,300.0,382.3,383.25,375.0
2025-10-01,09:28:29.000,382.78,300.0,382.3,383.25,375.0
2025-10-01,09:28:30.000,382.75,150.0,382.3,383.2,525.0
2025-10-01,09:28:31.000,382.75,150.0,382.3,383.2,525.0
2025-10-01,09:28:32.000,383.68,75.0,383.5,383.85,150.0
2025-10-01,09:28:33.000,383.68,75.0,383.5,383.85,150.0
2025-10-01,09:28:34.000,383.38,225.0,382.9,383.85,75.0
2025-10-01,09:28:35.000,383.45,450.0,383.05,383.85,75.0
2025-10-01,09:28:36.000,383.45,450.0,383.05,383.85,75.0
2025-10-01,09:28:37.000,383.62,75.0,383.25,384.0,900.0
2025-10-01,09:28:38.000,383.62,75.0,383.25,384.0,900.0
2025-10-01,09:28:39.000,383.68,75.0,383.35,384.0,675.0
2025-10-01,09:28:40.000,383.42,75.0,382.9,383.95,375.0
2025-10-01,09:28:41.000,383.42,75.0,382.9,383.95,375.0
2025-10-01,09:28:42.000,383.22,300.0,382.75,383.7,75.0
2025-10-01,09:28:43.000,382.62,375.0,382.15,383.1,225.0
2025-10-01,09:28:44.000,382.62,375.0,382.15,383.1,225.0
2025-10-01,09:28:45.000,383.42,600.0,382.85,384.0,1275.0
2025-10-01,09:28:46.000,383.42,600.0,382.85,384.0,1275.0
2025-10-01,09:28:47.000,383.55,75.0,383.1,384.0,900.0
2025-10-01,09:28:48.000,382.92,375.0,382.35,383.5,450.0
2025-10-01,09:28:49.000,382.92,375.0,382.35,383.5,450.0
2025-10-01,09:28:50.000,382.9,150.0,382.4,383.4,375.0
2025-10-01,09:28:51.000,382.9,150.0,382.4,383.4,375.0
2025-10-01,09:28:52.000,382.45,750.0,381.95,382.95,600.0
2025-10-01,09:28:53.000,382.6,75.0,382.15,383.05,75.0
2025-10-01,09:28:54.000,382.6,75.0,382.15,383.05,75.0
2025-10-01,09:28:55.000,383.5,450.0,383.0,384.0,750.0
2025-10-01,09:28:56.000,383.5,450.0,383.0,384.0,750.0
2025-10-01,09:28:57.000,382.58,450.0,382.05,383.1,375.0
2025-10-01,09:28:58.000,382.55,375.0,382.05,383.05,75.0
2025-10-01,09:28:59.000,382.55,375.0,382.05,383.05,75.0
2025-10-01,09:29:00.000,381.78,750.0,381.3,382.25,225.0
2025-10-01,09:29:01.000,381.78,750.0,381.3,382.25,225.0
2025-10-01,09:29:02.000,382.28,150.0,381.8,382.75,75.0
2025-10-01,09:29:03.000,382.12,225.0,381.75,382.5,75.0
2025-10-01,09:29:04.000,382.12,225.0,381.75,382.5,75.0
2025-10-01,09:29:05.000,382.28,375.0,381.8,382.75,300.0
2025-10-01,09:29:06.000,382.28,375.0,381.8,382.75,300.0
2025-10-01,09:29:07.000,381.95,375.0,381.5,382.4,75.0
2025-10-01,09:29:08.000,383.0,150.0,382.5,383.5,300.0
2025-10-01,09:29:09.000,383.0,150.0,382.5,383.5,300.0
2025-10-01,09:29:10.000,381.95,75.0,381.45,382.45,225.0
2025-10-01,09:29:11.000,381.95,75.0,381.45,382.45,225.0
2025-10-01,09:29:12.000,382.12,75.0,381.6,382.65,225.0
2025-10-01,09:29:13.000,382.25,75.0,381.75,382.75,375.0
2025-10-01,09:29:14.000,382.25,75.0,381.75,382.75,375.0
2025-10-01,09:29:15.000,382.67,150.0,382.15,383.2,75.0
2025-10-01,09:29:16.000,382.67,150.0,382.15,383.2,75.0
2025-10-01,09:29:17.000,381.35,375.0,380.8,381.9,150.0
2025-10-01,09:29:18.000,381.33,75.0,380.85,381.8,75.0
2025-10-01,09:29:19.000,381.33,75.0,380.85,381.8,75.0
2025-10-01,09:29:20.000,381.5,150.0,381.1,381.9,75.0
2025-10-01,09:29:21.000,381.5,150.0,381.1,381.9,75.0
2025-10-01,09:29:22.000,383.05,450.0,382.5,383.6,75.0
2025-10-01,09:29:23.000,383.0,375.0,382.5,383.5,375.0
2025-10-01,09:29:24.000,383.0,375.0,382.5,383.5,375.0
2025-10-01,09:29:25.000,383.6,225.0,383.2,384.0,525.0
2025-10-01,09:29:26.000,383.6,225.0,383.2,384.0,525.0
2025-10-01,09:29:27.000,384.0,150.0,383.5,384.5,450.0
2025-10-01,09:29:28.000,383.08,150.0,382.55,383.6,225.0
2025-10-01,09:29:29.000,383.08,150.0,382.55,383.6,225.0
2025-10-01,09:29:30.000,383.8,525.0,383.25,384.35,600.0
2025-10-01,09:29:31.000,383.8,525.0,383.25,384.35,600.0
2025-10-01,09:29:32.000,383.52,375.0,383.05,384.0,300.0
2025-10-01,09:29:33.000,383.45,525.0,382.95,383.95,75.0
2025-10-01,09:29:34.000,383.45,525.0,382.95,383.95,75.0
2025-10-01,09:29:35.000,383.75,225.0,383.5,384.0,75.0
2025-10-01,09:29:36.000,383.75,225.0,383.5,384.0,75.0
2025-10-01,09:29:37.000,383.65,150.0,383.2,384.1,150.0
2025-10-01,09:29:38.000,384.6,300.0,384.2,385.0,300.0
2025-10-01,09:29:39.000,384.6,300.0,384.2,385.0,300.0
2025-10-01,09:29:40.000,384.95,150.0,384.9,385.0,225.0
2025-10-01,09:29:41.000,384.95,150.0,384.9,385.0,225.0
2025-10-01,09:29:42.000,384.5,300.0,384.0,385.0,600.0
2025-10-01,09:29:43.000,384.6,150.0,384.2,385.0,375.0
2025-10-01,09:29:44.000,384.6,150.0,384.2,385.0,375.0
2025-10-01,09:29:45.000,384.35,225.0,384.0,384.7,675.0
2025-10-01,09:29:46.000,384.35,225.0,384.0,384.7,675.0
2025-10-01,09:29:47.000,384.58,450.0,384.15,385.0,300.0
2025-10-01,09:29:48.000,384.38,225.0,384.0,384.75,225.0
2025-10-01,09:29:49.000,384.38,225.0,384.0,384.75,225.0
2025-10-01,09:29:50.000,382.48,75.0,382.05,382.9,150.0
2025-10-01,09:29:51.000,382.48,75.0,382.05,382.9,150.0
2025-10-01,09:29:52.000,383.42,600.0,382.85,384.0,675.0
2025-10-01,09:29:53.000,383.9,450.0,383.35,384.45,675.0
2025-10-01,09:29:54.000,383.9,450.0,383.35,384.45,675.0
2025-10-01,09:29:55.000,384.35,600.0,384.0,384.7,75.0
2025-10-01,09:29:56.000,384.35,600.0,384.0,384.7,75.0
2025-10-01,09:29:57.000,384.5,75.0,384.3,384.7,75.0
2025-10-01,09:29:58.000,384.95,75.0,384.45,385.45,150.0
2025-10-01,09:29:59.000,384.95,75.0,384.45,385.45,150.0
2025-10-01,09:30:00.000,383.72,1125.0,383.25,384.2,225.0
2025-10-01,09:30:01.000,383.72,1125.0,383.25,384.2,225.0
2025-10-01,09:30:02.000,384.78,150.0,384.35,385.2,75.0
2025-10-01,09:30:03.000,384.88,75.0,384.4,385.35,75.0
2025-10-01,09:30:04.000,384.88,75.0,384.4,385.35,75.0
2025-10-01,09:30:05.000,385.02,600.0,384.5,385.55,150.0
2025-10-01,09:30:06.000,385.02,600.0,384.5,385.55,150.0
2025-10-01,09:30:07.000,385.28,525.0,385.0,385.55,75.0
2025-10-01,09:30:08.000,385.52,825.0,385.0,386.05,75.0
2025-10-01,09:30:09.000,385.52,825.0,385.0,386.05,75.0
2025-10-01,09:30:10.000,384.38,300.0,384.1,384.65,1800.0
2025-10-01,09:30:11.000,384.38,300.0,384.1,384.65,1800.0
2025-10-01,09:30:12.000,385.08,75.0,384.8,385.35,75.0
2025-10-01,09:30:13.000,383.78,450.0,383.4,384.15,900.0
2025-10-01,09:30:14.000,383.78,450.0,383.4,384.15,900.0
2025-10-01,09:30:15.000,383.45,150.0,383.15,383.75,150.0
2025-10-01,09:30:16.000,383.45,150.0,383.15,383.75,150.0
2025-10-01,09:30:17.000,383.92,225.0,383.6,384.25,150.0
2025-10-01,09:30:18.000,383.8,225.0,383.35,384.25,225.0
2025-10-01,09:30:19.000,383.8,225.0,383.35,384.25,225.0
2025-10-01,09:30:20.000,383.67,375.0,383.15,384.2,75.0
2025-10-01,09:30:21.000,383.67,375.0,383.15,384.2,75.0
2025-10-01,09:30:22.000,382.8,300.0,382.35,383.25,150.0
2025-10-01,09:30:23.000,382.98,150.0,382.45,383.5,375.0
2025-10-01,09:30:24.000,382.98,150.0,382.45,383.5,375.0
2025-10-01,09:30:25.000,382.72,750.0,382.2,383.25,225.0
2025-10-01,09:30:26.000,382.72,750.0,382.2,383.25,225.0
2025-10-01,09:30:27.000,382.5,225.0,382.05,382.95,450.0
2025-10-01,09:30:28.000,381.85,375.0,381.35,382.35,75.0
2025-10-01,09:30:29.000,381.85,375.0,381.35,382.35,75.0
2025-10-01,09:30:30.000,383.12,150.0,382.65,383.6,150.0
2025-10-01,09:30:31.000,383.12,150.0,382.65,383.6,150.0
2025-10-01,09:30:32.000,382.6,300.0,382.05,383.15,600.0
2025-10-01,09:30:33.000,382.6,300.0,382.05,383.15,600.0
2025-10-01,09:30:34.000,383.1,300.0,382.55,383.65,75.0
2025-10-01,09:30:35.000,383.28,75.0,382.7,383.85,75.0
2025-10-01,09:30:36.000,383.28,75.0,382.7,383.85,75.0
2025-10-01,09:30:37.000,383.2,525.0,382.7,383.7,75.0
2025-10-01,09:30:38.000,383.2,525.0,382.7,383.7,75.0
2025-10-01,09:30:39.000,384.22,75.0,383.7,384.75,300.0
2025-10-01,09:30:40.000,384.52,300.0,384.05,385.0,975.0
2025-10-01,09:30:41.000,384.52,300.0,384.05,385.0,975.0
2025-10-01,09:30:42.000,385.38,75.0,384.9,385.85,75.0
2025-10-01,09:30:43.000,385.38,75.0,384.9,385.85,75.0
2025-10-01,09:30:44.000,385.5,75.0,385.05,385.95,75.0
2025-10-01,09:30:45.000,385.22,375.0,384.8,385.65,75.0
2025-10-01,09:30:46.000,385.22,375.0,384.8,385.65,75.0
2025-10-01,09:30:47.000,385.98,225.0,385.65,386.3,75.0
2025-10-01,09:30:48.000,385.98,225.0,385.65,386.3,75.0
2025-10-01,09:30:49.000,386.88,150.0,386.75,387.0,1200.0
2025-10-01,09:30:50.000,386.52,75.0,386.1,386.95,375.0
2025-10-01,09:30:51.000,386.52,75.0,386.1,386.95,375.0
2025-10-01,09:30:52.000,385.82,450.0,385.25,386.4,225.0
2025-10-01,09:30:53.000,385.82,450.0,385.25,386.4,225.0
2025-10-01,09:30:54.000,386.33,675.0,385.8,386.85,450.0
2025-10-01,09:30:55.000,386.62,150.0,386.25,387.0,75.0
2025-10-01,09:30:56.000,386.62,150.0,386.25,387.0,75.0
2025-10-01,09:30:57.000,386.22,900.0,385.7,386.75,375.0
2025-10-01,09:30:58.000,386.22,900.0,385.7,386.75,375.0
2025-10-01,09:30:59.000,386.12,75.0,385.75,386.5,75.0
2025-10-01,09:31:00.000,386.18,150.0,385.85,386.5,75.0
2025-10-01,09:31:01.000,386.18,150.0,385.85,386.5,75.0
2025-10-01,09:31:02.000,386.38,600.0,385.85,386.9,75.0
2025-10-01,09:31:03.000,386.38,600.0,385.85,386.9,75.0
2025-10-01,09:31:04.000,387.05,225.0,386.6,387.5,300.0
2025-10-01,09:31:05.000,387.0,75.0,386.85,387.15,75.0
2025-10-01,09:31:06.000,387.0,75.0,386.85,387.15,75.0
2025-10-01,09:31:07.000,386.48,450.0,385.95,387.0,300.0
2025-10-01,09:31:08.000,386.48,450.0,385.95,387.0,300.0
2025-10-01,09:31:09.000,386.5,75.0,386.0,387.0,600.0
2025-10-01,09:31:10.000,385.38,450.0,385.0,385.75,150.0
2025-10-01,09:31:11.000,385.38,450.0,385.0,385.75,150.0
2025-10-01,09:31:12.000,385.35,450.0,385.0,385.7,225.0
2025-10-01,09:31:13.000,385.35,450.0,385.0,385.7,225.0
2025-10-01,09:31:14.000,386.78,75.0,386.3,387.25,300.0
2025-10-01,09:31:15.000,387.25,225.0,386.75,387.75,150.0
2025-10-01,09:31:16.000,387.25,225.0,386.75,387.75,150.0
2025-10-01,09:31:17.000,386.1,525.0,385.75,386.45,225.0
2025-10-01,09:31:18.000,386.1,525.0,385.75,386.45,225.0
2025-10-01,09:31:19.000,386.12,450.0,385.75,386.5,150.0
2025-10-01,09:31:20.000,386.28,525.0,385.8,386.75,150.0
2025-10-01,09:31:21.000,386.28,525.0,385.8,386.75,150.0
2025-10-01,09:31:22.000,386.33,75.0,385.85,386.8,75.0
2025-10-01,09:31:23.000,386.33,75.0,385.85,386.8,75.0
2025-10-01,09:31:24.000,386.28,1050.0,385.75,386.8,150.0
2025-10-01,09:31:25.000,386.4,600.0,385.85,386.95,375.0
2025-10-01,09:31:26.000,386.4,600.0,385.85,386.95,375.0
2025-10-01,09:31:27.000,385.98,450.0,385.5,386.45,75.0
2025-10-01,09:31:28.000,385.98,450.0,385.5,386.45,75.0
2025-10-01,09:31:29.000,385.1,150.0,384.6,385.6,75.0
2025-10-01,09:31:30.000,385.0,150.0,384.6,385.4,75.0
2025-10-01,09:31:31.000,385.0,150.0,384.6,385.4,75.0
2025-10-01,09:31:32.000,385.08,150.0,384.75,385.4,225.0
2025-10-01,09:31:33.000,385.08,150.0,384.75,385.4,225.0
2025-10-01,09:31:34.000,385.9,150.0,385.45,386.35,75.0
2025-10-01,09:31:35.000,384.9,75.0,384.4,385.4,75.0
2025-10-01,09:31:36.000,384.9,75.0,384.4,385.4,75.0
2025-10-01,09:31:37.000,386.0,375.0,385.5,386.5,525.0
2025-10-01,09:31:38.000,386.0,375.0,385.5,386.5,525.0
2025-10-01,09:31:39.000,386.15,225.0,385.65,386.65,375.0
2025-10-01,09:31:40.000,386.02,150.0,385.55,386.5,225.0
2025-10-01,09:31:41.000,386.02,150.0,385.55,386.5,225.0
2025-10-01,09:31:42.000,386.68,75.0,386.35,387.0,75.0
2025-10-01,09:31:43.000,386.68,75.0,386.35,387.0,75.0
2025-10-01,09:31:44.000,386.58,75.0,386.15,387.0,150.0
2025-10-01,09:31:45.000,386.62,150.0,386.25,387.0,75.0
2025-10-01,09:31:46.000,386.62,150.0,386.25,387.0,75.0
2025-10-01,09:31:47.000,385.45,2100.0,385.0,385.9,225.0
2025-10-01,09:31:48.000,385.45,2100.0,385.0,385.9,225.0
2025-10-01,09:31:49.000,385.62,150.0,385.15,386.1,375.0
2025-10-01,09:31:50.000,385.7,75.0,385.2,386.2,375.0
2025-10-01,09:31:51.000,385.7,75.0,385.2,386.2,375.0
2025-10-01,09:31:52.000,385.7,75.0,385.2,386.2,225.0
2025-10-01,09:31:53.000,385.7,75.0,385.2,386.2,225.0
2025-10-01,09:31:54.000,385.85,75.0,385.35,386.35,450.0
2025-10-01,09:31:55.000,385.62,75.0,385.15,386.1,75.0
2025-10-01,09:31:56.000,385.62,75.0,385.15,386.1,75.0
2025-10-01,09:31:57.000,384.32,225.0,383.9,384.75,600.0
2025-10-01,09:31:58.000,384.32,225.0,383.9,384.75,600.0
2025-10-01,09:31:59.000,382.95,450.0,382.45,383.45,300.0
2025-10-01,09:32:00.000,383.28,375.0,382.8,383.75,750.0
2025-10-01,09:32:01.000,383.28,375.0,382.8,383.75,750.0
2025-10-01,09:32:02.000,383.15,525.0,382.7,383.6,225.0
2025-10-01,09:32:03.000,383.15,525.0,382.7,383.6,225.0
2025-10-01,09:32:04.000,384.6,75.0,384.2,385.0,75.0
2025-10-01,09:32:05.000,384.2,75.0,383.7,384.7,375.0
2025-10-01,09:32:06.000,384.2,75.0,383.7,384.7,375.0
2025-10-01,09:32:07.000,384.28,375.0,383.8,384.75,225.0
2025-10-01,09:32:08.000,384.28,375.0,383.8,384.75,225.0
2025-10-01,09:32:09.000,384.0,75.0,383.55,384.45,150.0
2025-10-01,09:32:10.000,383.4,75.0,383.0,383.8,600.0
2025-10-01,09:32:11.000,383.4,75.0,383.0,383.8,600.0
2025-10-01,09:32:12.000,383.92,75.0,383.45,384.4,375.0
2025-10-01,09:32:13.000,383.92,75.0,383.45,384.4,375.0
2025-10-01,09:32:14.000,383.7,825.0,383.2,384.2,450.0
2025-10-01,09:32:15.000,383.7,225.0,383.3,384.1,75.0
2025-10-01,09:32:16.000,383.7,225.0,383.3,384.1,75.0
2025-10-01,09:32:17.000,383.22,225.0,383.0,383.45,150.0
2025-10-01,09:32:18.000,383.22,225.0,383.0,383.45,150.0
2025-10-01,09:32:19.000,383.78,300.0,383.3,384.25,375.0
2025-10-01,09:32:20.000,383.52,450.0,383.05,384.0,600.0
2025-10-01,09:32:21.000,383.52,450.0,383.05,384.0,600.0
2025-10-01,09:32:22.000,383.5,600.0,383.05,383.95,75.0
2025-10-01,09:32:23.000,383.5,600.0,383.05,383.95,75.0
2025-10-01,09:32:24.000,383.2,225.0,383.0,383.4,75.0
2025-10-01,09:32:25.000,383.32,300.0,383.0,383.65,75.0
2025-10-01,09:32:26.000,383.32,300.0,383.0,383.65,75.0
2025-10-01,09:32:27.000,382.85,300.0,382.45,383.25,300.0
2025-10-01,09:32:28.000,382.85,300.0,382.45,383.25,300.0
2025-10-01,09:32:29.000,383.25,75.0,383.05,383.45,75.0
2025-10-01,09:32:30.000,383.25,75.0,383.05,383.45,75.0
2025-10-01,09:32:31.000,383.25,75.0,383.05,383.45,75.0
2025-10-01,09:32:32.000,383.17,75.0,382.9,383.45,75.0
2025-10-01,09:32:33.000,383.17,75.0,382.9,383.45,75.0
2025-10-01,09:32:34.000,384.05,450.0,383.6,384.5,225.0
2025-10-01,09:32:35.000,384.05,75.0,383.85,384.25,150.0
2025-10-01,09:32:36.000,384.05,75.0,383.85,384.25,150.0
2025-10-01,09:32:37.000,383.2,375.0,382.8,383.6,75.0
2025-10-01,09:32:38.000,383.2,375.0,382.8,383.6,75.0
2025-10-01,09:32:39.000,382.95,225.0,382.5,383.4,150.0
2025-10-01,09:32:40.000,383.0,75.0,382.65,383.35,75.0
2025-10-01,09:32:41.000,383.0,75.0,382.65,383.35,75.0
2025-10-01,09:32:42.000,383.38,75.0,383.0,383.75,150.0
2025-10-01,09:32:43.000,383.38,75.0,383.0,383.75,150.0
2025-10-01,09:32:44.000,383.22,375.0,382.75,383.7,75.0
2025-10-01,09:32:45.000,383.52,150.0,383.05,384.0,300.0
2025-10-01,09:32:46.000,383.52,150.0,383.05,384.0,300.0
2025-10-01,09:32:47.000,383.38,75.0,383.0,383.75,600.0
2025-10-01,09:32:48.000,383.38,75.0,383.0,383.75,600.0
2025-10-01,09:32:49.000,382.9,150.0,382.45,383.35,75.0
2025-10-01,09:32:50.000,383.3,75.0,382.85,383.75,225.0
2025-10-01,09:32:51.000,383.3,75.0,382.85,383.75,225.0
2025-10-01,09:32:52.000,382.0,375.0,381.55,382.45,450.0
2025-10-01,09:32:53.000,382.0,375.0,381.55,382.45,450.0
2025-10-01,09:32:54.000,381.92,150.0,381.4,382.45,900.0
2025-10-01,09:32:55.000,382.05,375.0,381.6,382.5,375.0
2025-10-01,09:32:56.000,382.05,375.0,381.6,382.5,375.0
2025-10-01,09:32:57.000,382.22,225.0,381.8,382.65,300.0
2025-10-01,09:32:58.000,382.22,225.0,381.8,382.65,300.0
2025-10-01,09:32:59.000,382.98,150.0,382.5,383.45,300.0
2025-10-01,09:33:00.000,384.05,150.0,383.6,384.5,600.0
2025-10-01,09:33:01.000,384.05,150.0,383.6,384.5,600.0
2025-10-01,09:33:02.000,384.25,225.0,383.75,384.75,450.0
2025-10-01,09:33:03.000,384.25,225.0,383.75,384.75,450.0
2025-10-01,09:33:04.000,384.17,225.0,383.65,384.7,300.0
2025-10-01,09:33:05.000,384.5,150.0,384.0,385.0,300.0
2025-10-01,09:33:06.000,384.5,150.0,384.0,385.0,300.0
2025-10-01,09:33:07.000,385.3,225.0,384.85,385.75,225.0
2025-10-01,09:33:08.000,385.3,225.0,384.85,385.75,225.0
2025-10-01,09:33:09.000,385.0,150.0,384.5,385.5,675.0
2025-10-01,09:33:10.000,386.12,600.0,385.6,386.65,75.0
2025-10-01,09:33:11.000,386.12,600.0,385.6,386.65,75.0
2025-10-01,09:33:12.000,385.5,150.0,385.0,386.0,375.0
2025-10-01,09:33:13.000,385.5,150.0,385.0,386.0,375.0
2025-10-01,09:33:14.000,384.98,300.0,384.45,385.5,675.0
2025-10-01,09:33:15.000,386.48,75.0,386.0,386.95,375.0
2025-10-01,09:33:16.000,386.48,75.0,386.0,386.95,375.0
2025-10-01,09:33:17.000,385.68,75.0,385.35,386.0,150.0
2025-10-01,09:33:18.000,385.68,75.0,385.35,386.0,150.0
2025-10-01,09:33:19.000,385.72,975.0,385.2,386.25,225.0
2025-10-01,09:33:20.000,386.38,75.0,386.0,386.75,150.0
2025-10-01,09:33:21.000,386.38,75.0,386.0,386.75,150.0
2025-10-01,09:33:22.000,386.2,75.0,385.7,386.7,75.0
2025-10-01,09:33:23.000,386.2,75.0,385.7,386.7,75.0
2025-10-01,09:33:24.000,386.55,300.0,386.1,387.0,450.0
2025-10-01,09:33:25.000,386.55,375.0,386.1,387.0,75.0
2025-10-01,09:33:26.000,386.55,375.0,386.1,387.0,75.0
2025-10-01,09:33:27.000,387.38,75.0,386.85,387.9,225.0
2025-10-01,09:33:28.000,387.38,75.0,386.85,387.9,225.0
2025-10-01,09:33:29.000,388.02,150.0,387.8,388.25,150.0
2025-10-01,09:33:30.000,388.08,225.0,387.65,388.5,525.0
2025-10-01,09:33:31.000,388.08,225.0,387.65,388.5,525.0
2025-10-01,09:33:32.000,387.95,75.0,387.65,388.25,150.0
2025-10-01,09:33:33.000,387.95,75.0,387.65,388.25,150.0
2025-10-01,09:33:34.000,387.45,150.0,387.0,387.9,375.0
2025-10-01,09:33:35.000,387.18,300.0,386.85,387.5,525.0
2025-10-01,09:33:36.000,387.18,300.0,386.85,387.5,525.0
2025-10-01,09:33:37.000,387.55,300.0,387.1,388.0,150.0
2025-10-01,09:33:38.000,387.55,300.0,387.1,388.0,150.0
2025-10-01,09:33:39.000,387.25,300.0,386.85,387.65,375.0
2025-10-01,09:33:40.000,386.05,225.0,385.6,386.5,150.0
2025-10-01,09:33:41.000,386.05,225.0,385.6,386.5,150.0
2025-10-01,09:33:42.000,386.1,75.0,385.6,386.6,75.0
2025-10-01,09:33:43.000,386.1,75.0,385.6,386.6,75.0
2025-10-01,09:33:44.000,386.85,375.0,386.3,387.4,675.0
2025-10-01,09:33:45.000,387.22,75.0,386.7,387.75,450.0
2025-10-01,09:33:46.000,387.22,75.0,386.7,387.75,450.0
2025-10-01,09:33:47.000,386.17,75.0,385.9,386.45,75.0
2025-10-01,09:33:48.000,386.17,75.0,385.9,386.45,75.0
2025-10-01,09:33:49.000,386.17,75.0,385.65,386.7,600.0
2025-10-01,09:33:50.000,386.6,300.0,386.1,387.1,375.0
2025-10-01,09:33:51.000,386.6,300.0,386.1,387.1,375.0
2025-10-01,09:33:52.000,386.95,225.0,386.4,387.5,525.0
2025-10-01,09:33:53.000,386.95,225.0,386.4,387.5,525.0
2025-10-01,09:33:54.000,386.75,150.0,386.3,387.2,450.0
2025-10-01,09:33:55.000,387.08,600.0,386.55,387.6,75.0
2025-10-01,09:33:56.000,387.08,600.0,386.55,387.6,75.0
2025-10-01,09:33:57.000,387.28,75.0,386.8,387.75,75.0
2025-10-01,09:33:58.000,387.28,75.0,386.8,387.75,75.0
2025-10-01,09:33:59.000,387.02,75.0,386.55,387.5,75.0
2025-10-01,09:34:00.000,387.88,75.0,387.3,388.45,975.0
2025-10-01,09:34:01.000,387.88,75.0,387.3,388.45,975.0
2025-10-01,09:34:02.000,387.67,150.0,387.4,387.95,600.0
2025-10-01,09:34:03.000,387.67,150.0,387.4,387.95,600.0
2025-10-01,09:34:04.000,387.9,300.0,387.4,388.4,75.0
2025-10-01,09:34:05.000,388.02,75.0,387.8,388.25,750.0
2025-10-01,09:34:06.000,388.02,75.0,387.8,388.25,750.0
2025-10-01,09:34:07.000,388.12,75.0,387.95,388.3,75.0
2025-10-01,09:34:08.000,388.12,75.0,387.95,388.3,75.0
2025-10-01,09:34:09.000,387.7,75.0,387.35,388.05,75.0
2025-10-01,09:34:10.000,388.2,75.0,388.05,388.35,75.0
2025-10-01,09:34:11.000,388.2,75.0,388.05,388.35,75.0
2025-10-01,09:34:12.000,388.25,75.0,387.8,388.7,75.0
2025-10-01,09:34:13.000,388.25,75.0,387.8,388.7,75.0
2025-10-01,09:34:14.000,388.22,450.0,387.75,388.7,75.0
2025-10-01,09:34:15.000,388.32,150.0,387.9,388.75,375.0
2025-10-01,09:34:16.000,388.32,150.0,387.9,388.75,375.0
2025-10-01,09:34:17.000,388.72,150.0,388.45,389.0,675.0
2025-10-01,09:34:18.000,388.72,150.0,388.45,389.0,675.0
2025-10-01,09:34:19.000,388.52,150.0,388.5,388.55,300.0
2025-10-01,09:34:20.000,389.4,450.0,388.85,389.95,675.0
2025-10-01,09:34:21.000,389.4,450.0,388.85,389.95,675.0
2025-10-01,09:34:22.000,390.8,75.0,390.7,390.9,75.0
2025-10-01,09:34:23.000,390.8,75.0,390.7,390.9,75.0
2025-10-01,09:34:24.000,390.6,75.0,390.2,391.0,300.0
2025-10-01,09:34:25.000,389.62,150.0,389.15,390.1,825.0
2025-10-01,09:34:26.000,389.62,150.0,389.15,390.1,825.0
2025-10-01,09:34:27.000,388.92,525.0,388.35,389.5,450.0
2025-10-01,09:34:28.000,388.92,525.0,388.35,389.5,450.0
2025-10-01,09:34:29.000,389.02,450.0,388.55,389.5,150.0
2025-10-01,09:34:30.000,388.42,150.0,388.3,388.55,150.0
2025-10-01,09:34:31.000,388.42,150.0,388.3,388.55,150.0
2025-10-01,09:34:32.000,388.35,75.0,388.0,388.7,75.0
2025-10-01,09:34:33.000,388.35,75.0,388.0,388.7,75.0
2025-10-01,09:34:34.000,388.58,450.0,388.15,389.0,75.0
2025-10-01,09:34:35.000,389.38,75.0,388.9,389.85,75.0
2025-10-01,09:34:36.000,389.38,75.0,388.9,389.85,75.0
2025-10-01,09:34:37.000,389.17,525.0,388.7,389.65,75.0
2025-10-01,09:34:38.000,389.17,525.0,388.7,389.65,75.0
2025-10-01,09:34:39.000,389.12,450.0,388.7,389.55,75.0
2025-10-01,09:34:40.000,389.15,300.0,388.7,389.6,150.0
2025-10-01,09:34:41.000,389.15,300.0,388.7,389.6,150.0
2025-10-01,09:34:42.000,389.05,300.0,388.5,389.6,375.0
2025-10-01,09:34:43.000,389.05,300.0,388.5,389.6,375.0
2025-10-01,09:34:44.000,389.12,75.0,388.6,389.65,525.0
2025-10-01,09:34:45.000,389.12,75.0,388.6,389.65,525.0
2025-10-01,09:34:46.000,388.65,150.0,388.25,389.05,225.0
2025-10-01,09:34:47.000,388.22,225.0,388.0,388.45,225.0
2025-10-01,09:34:48.000,388.22,225.0,388.0,388.45,225.0
2025-10-01,09:34:49.000,388.25,225.0,388.0,388.5,300.0
2025-10-01,09:34:50.000,388.25,225.0,388.0,388.5,300.0
2025-10-01,09:34:51.000,388.38,300.0,388.0,388.75,300.0
2025-10-01,09:34:52.000,388.38,300.0,388.0,388.75,225.0
2025-10-01,09:34:53.000,388.38,300.0,388.0,388.75,225.0
2025-10-01,09:34:54.000,387.65,75.0,387.2,388.1,75.0
2025-10-01,09:34:55.000,387.65,75.0,387.2,388.1,75.0
2025-10-01,09:34:56.000,388.28,150.0,387.8,388.75,750.0
2025-10-01,09:34:57.000,388.25,525.0,387.75,388.75,375.0
2025-10-01,09:34:58.000,388.25,525.0,387.75,388.75,375.0
2025-10-01,09:34:59.000,388.4,75.0,388.0,388.8,75.0
2025-10-01,09:35:00.000,388.4,75.0,388.0,388.8,75.0
2025-10-01,09:35:01.000,388.68,150.0,388.35,389.0,375.0
2025-10-01,09:35:02.000,389.5,825.0,389.0,390.0,3225.0
2025-10-01,09:35:03.000,389.5,825.0,389.0,390.0,3225.0
2025-10-01,09:35:04.000,390.6,300.0,390.2,391.0,150.0
2025-10-01,09:35:05.000,390.6,300.0,390.2,391.0,150.0
2025-10-01,09:35:06.000,390.5,75.0,390.25,390.75,150.0
2025-10-01,09:35:07.000,390.78,75.0,390.4,391.15,675.0
2025-10-01,09:35:08.000,390.78,75.0,390.4,391.15,675.0
2025-10-01,09:35:09.000,390.55,75.0,390.15,390.95,675.0
2025-10-01,09:35:10.000,390.55,75.0,390.15,390.95,675.0
2025-10-01,09:35:11.000,389.95,300.0,389.65,390.25,75.0
2025-10-01,09:35:12.000,389.58,825.0,389.1,390.05,150.0
2025-10-01,09:35:13.000,389.58,825.0,389.1,390.05,150.0
2025-10-01,09:35:14.000,389.48,150.0,389.0,389.95,225.0
2025-10-01,09:35:15.000,389.48,150.0,389.0,389.95,225.0
2025-10-01,09:35:16.000,389.92,150.0,389.6,390.25,150.0
2025-10-01,09:35:17.000,390.0,150.0,389.7,390.3,75.0
2025-10-01,09:35:18.000,390.0,150.0,389.7,390.3,75.0
2025-10-01,09:35:19.000,389.5,300.0,389.15,389.85,75.0
2025-10-01,09:35:20.000,389.5,300.0,389.15,389.85,75.0
2025-10-01,09:35:21.000,388.67,300.0,388.15,389.2,750.0
2025-10-01,09:35:22.000,389.5,525.0,389.0,390.0,750.0
2025-10-01,09:35:23.000,389.5,525.0,389.0,390.0,750.0
2025-10-01,09:35:24.000,389.2,75.0,388.7,389.7,225.0
2025-10-01,09:35:25.000,389.2,75.0,388.7,389.7,225.0
2025-10-01,09:35:26.000,389.55,150.0,389.1,390.0,300.0
2025-10-01,09:35:27.000,389.55,75.0,389.1,390.0,150.0
2025-10-01,09:35:28.000,389.55,75.0,389.1,390.0,150.0
2025-10-01,09:35:29.000,389.98,75.0,389.5,390.45,75.0
2025-10-01,09:35:30.000,389.98,75.0,389.5,390.45,75.0
2025-10-01,09:35:31.000,389.52,150.0,389.2,389.85,75.0
2025-10-01,09:35:32.000,389.42,150.0,389.25,389.6,75.0
2025-10-01,09:35:33.000,389.42,150.0,389.25,389.6,75.0
2025-10-01,09:35:34.000,389.62,150.0,389.3,389.95,75.0
2025-10-01,09:35:35.000,389.62,150.0,389.3,389.95,75.0
2025-10-01,09:35:36.000,389.6,150.0,389.3,389.9,225.0
2025-10-01,09:35:37.000,388.95,450.0,388.45,389.45,75.0
2025-10-01,09:35:38.000,388.95,450.0,388.45,389.45,75.0
2025-10-01,09:35:39.000,389.08,150.0,388.65,389.5,300.0
2025-10-01,09:35:40.000,389.0,150.0,388.5,389.5,300.0
2025-10-01,09:35:41.000,389.0,150.0,388.5,389.5,300.0
2025-10-01,09:35:42.000,388.48,525.0,388.1,388.85,150.0
2025-10-01,09:35:43.000,388.48,525.0,388.1,388.85,150.0
2025-10-01,09:35:44.000,388.52,300.0,388.05,389.0,75.0
2025-10-01,09:35:45.000,389.28,225.0,388.8,389.75,225.0
2025-10-01,09:35:46.000,389.28,225.0,388.8,389.75,225.0
2025-10-01,09:35:47.000,389.18,150.0,388.85,389.5,300.0
2025-10-01,09:35:48.000,389.18,150.0,388.85,389.5,300.0
2025-10-01,09:35:49.000,388.58,525.0,388.15,389.0,150.0
2025-10-01,09:35:50.000,388.92,600.0,388.4,389.45,225.0
2025-10-01,09:35:51.000,388.92,600.0,388.4,389.45,225.0
2025-10-01,09:35:52.000,387.48,150.0,387.2,387.75,150.0
2025-10-01,09:35:53.000,387.48,150.0,387.2,387.75,150.0
2025-10-01,09:35:54.000,387.15,225.0,386.8,387.5,375.0
2025-10-01,09:35:55.000,386.8,525.0,386.35,387.25,225.0
2025-10-01,09:35:56.000,386.8,525.0,386.35,387.25,225.0
2025-10-01,09:35:57.000,386.7,150.0,386.2,387.2,75.0
2025-10-01,09:35:58.000,386.7,150.0,386.2,387.2,75.0
2025-10-01,09:35:59.000,386.28,75.0,386.0,386.55,75.0
2025-10-01,09:36:00.000,385.9,225.0,385.65,386.15,75.0
2025-10-01,09:36:01.000,385.9,225.0,385.65,386.15,75.0
2025-10-01,09:36:02.000,386.3,600.0,385.8,386.8,75.0
2025-10-01,09:36:03.000,386.3,600.0,385.8,386.8,75.0
2025-10-01,09:36:04.000,387.58,525.0,387.15,388.0,150.0
2025-10-01,09:36:05.000,388.2,600.0,387.7,388.7,300.0
2025-10-01,09:36:06.000,388.2,600.0,387.7,388.7,300.0
2025-10-01,09:36:07.000,388.22,75.0,387.75,388.7,300.0
2025-10-01,09:36:08.000,388.22,75.0,387.75,388.7,300.0
2025-10-01,09:36:09.000,388.55,75.0,388.1,389.0,150.0
2025-10-01,09:36:10.000,389.48,450.0,388.8,390.15,600.0
2025-10-01,09:36:11.000,389.48,450.0,388.8,390.15,600.0
2025-10-01,09:36:12.000,390.28,75.0,389.8,390.75,150.0
2025-10-01,09:36:13.000,390.28,75.0,389.8,390.75,150.0
2025-10-01,09:36:14.000,390.58,75.0,390.15,391.0,150.0
2025-10-01,09:36:15.000,390.25,150.0,389.8,390.7,75.0
2025-10-01,09:36:16.000,390.25,150.0,389.8,390.7,75.0
2025-10-01,09:36:17.000,390.45,150.0,390.15,390.75,300.0
2025-10-01,09:36:18.000,390.45,150.0,390.15,390.75,300.0
2025-10-01,09:36:19.000,390.55,150.0,390.25,390.85,300.0
2025-10-01,09:36:20.000,390.45,150.0,389.95,390.95,75.0
2025-10-01,09:36:21.000,390.45,150.0,389.95,390.95,75.0
2025-10-01,09:36:22.000,390.82,300.0,390.4,391.25,150.0
2025-10-01,09:36:23.000,390.82,300.0,390.4,391.25,150.0
2025-10-01,09:36:24.000,390.0,375.0,389.55,390.45,75.0
2025-10-01,09:36:25.000,390.25,450.0,389.8,390.7,450.0
2025-10-01,09:36:26.000,390.25,450.0,389.8,390.7,450.0
2025-10-01,09:36:27.000,390.02,150.0,389.8,390.25,75.0
2025-10-01,09:36:28.000,390.02,150.0,389.8,390.25,75.0
2025-10-01,09:36:29.000,390.1,75.0,389.7,390.5,225.0
2025-10-01,09:36:30.000,390.3,150.0,389.95,390.65,150.0
2025-10-01,09:36:31.000,390.3,150.0,389.95,390.65,150.0
2025-10-01,09:36:32.000,390.32,150.0,389.95,390.7,375.0
2025-10-01,09:36:33.000,390.32,150.0,389.95,390.7,375.0
2025-10-01,09:36:34.000,390.58,150.0,390.3,390.85,75.0
2025-10-01,09:36:35.000,391.28,375.0,390.8,391.75,225.0
2025-10-01,09:36:36.000,391.28,375.0,390.8,391.75,225.0
2025-10-01,09:36:37.000,390.35,75.0,389.8,390.9,150.0
2025-10-01,09:36:38.000,390.35,75.0,389.8,390.9,150.0
2025-10-01,09:36:39.000,390.5,1125.0,390.0,391.0,225.0
2025-10-01,09:36:40.000,390.85,525.0,390.35,391.35,150.0
2025-10-01,09:36:41.000,390.85,525.0,390.35,391.35,150.0
2025-10-01,09:36:42.000,391.32,75.0,390.9,391.75,375.0
2025-10-01,09:36:43.000,391.32,75.0,390.9,391.75,375.0
2025-10-01,09:36:44.000,391.78,75.0,391.55,392.0,750.0
2025-10-01,09:36:45.000,391.75,75.0,391.5,392.0,150.0
2025-10-01,09:36:46.000,391.75,75.0,391.5,392.0,150.0
2025-10-01,09:36:47.000,391.58,75.0,391.4,391.75,75.0
2025-10-01,09:36:48.000,391.58,75.0,391.4,391.75,75.0
2025-10-01,09:36:49.000,391.95,75.0,391.65,392.25,225.0
2025-10-01,09:36:50.000,391.42,150.0,391.1,391.75,150.0
2025-10-01,09:36:51.000,391.42,150.0,391.1,391.75,150.0
2025-10-01,09:36:52.000,391.05,300.0,390.65,391.45,75.0
2025-10-01,09:36:53.000,391.05,300.0,390.65,391.45,75.0
2025-10-01,09:36:54.000,390.95,75.0,390.55,391.35,75.0
2025-10-01,09:36:55.000,390.95,75.0,390.55,391.35,75.0
2025-10-01,09:36:56.000,390.88,375.0,390.4,391.35,75.0
2025-10-01,09:36:57.000,391.18,450.0,390.6,391.75,300.0
2025-10-01,09:36:58.000,391.18,450.0,390.6,391.75,300.0
2025-10-01,09:36:59.000,390.95,525.0,390.4,391.5,450.0
2025-10-01,09:37:00.000,390.95,525.0,390.4,391.5,450.0
2025-10-01,09:37:01.000,390.95,150.0,390.55,391.35,375.0
2025-10-01,09:37:02.000,390.45,1350.0,390.0,390.9,75.0
2025-10-01,09:37:03.000,390.45,1350.0,390.0,390.9,75.0
2025-10-01,09:37:04.000,389.72,525.0,389.2,390.25,225.0
2025-10-01,09:37:05.000,389.72,525.0,389.2,390.25,225.0
2025-10-01,09:37:06.000,391.1,75.0,390.6,391.6,75.0
2025-10-01,09:37:07.000,391.75,75.0,391.25,392.25,300.0
2025-10-01,09:37:08.000,391.75,75.0,391.25,392.25,300.0
2025-10-01,09:37:09.000,391.95,450.0,391.4,392.5,300.0
2025-10-01,09:37:10.000,391.95,450.0,391.4,392.5,300.0
2025-10-01,09:37:11.000,391.58,75.0,391.05,392.1,75.0
2025-10-01,09:37:12.000,391.48,525.0,391.0,391.95,75.0
2025-10-01,09:37:13.000,391.48,525.0,391.0,391.95,75.0
2025-10-01,09:37:14.000,391.45,525.0,390.95,391.95,75.0
2025-10-01,09:37:15.000,391.45,525.0,390.95,391.95,75.0
2025-10-01,09:37:16.000,391.02,225.0,390.9,391.15,525.0
2025-10-01,09:37:17.000,390.8,525.0,390.3,391.3,375.0
2025-10-01,09:37:18.000,390.8,525.0,390.3,391.3,375.0
2025-10-01,09:37:19.000,390.85,375.0,390.4,391.3,75.0
2025-10-01,09:37:20.000,390.85,375.0,390.4,391.3,75.0
2025-10-01,09:37:21.000,391.15,525.0,390.6,391.7,300.0
2025-10-01,09:37:22.000,391.08,600.0,390.6,391.55,75.0
2025-10-01,09:37:23.000,391.08,600.0,390.6,391.55,75.0
2025-10-01,09:37:24.000,391.1,600.0,390.6,391.6,75.0
2025-10-01,09:37:25.000,391.1,600.0,390.6,391.6,75.0
2025-10-01,09:37:26.000,391.3,450.0,390.8,391.8,150.0
2025-10-01,09:37:27.000,391.32,150.0,390.95,391.7,75.0
2025-10-01,09:37:28.000,391.32,150.0,390.95,391.7,75.0
2025-10-01,09:37:29.000,391.5,75.0,391.05,391.95,75.0
2025-10-01,09:37:30.000,391.5,75.0,391.05,391.95,75.0
2025-10-01,09:37:31.000,391.78,150.0,391.5,392.05,150.0
2025-10-01,09:37:32.000,391.75,75.0,391.5,392.0,525.0
2025-10-01,09:37:33.000,391.75,75.0,391.5,392.0,525.0
2025-10-01,09:37:34.000,391.72,75.0,391.5,391.95,75.0
2025-10-01,09:37:35.000,391.5,150.0,391.2,391.8,75.0
2025-10-01,09:37:36.000,391.5,150.0,391.2,391.8,75.0
2025-10-01,09:37:37.000,391.38,375.0,390.85,391.9,75.0
2025-10-01,09:37:38.000,391.38,375.0,390.85,391.9,75.0
2025-10-01,09:37:39.000,391.2,300.0,390.65,391.75,150.0
2025-10-01,09:37:40.000,391.0,375.0,390.55,391.45,75.0
2025-10-01,09:37:41.000,391.0,375.0,390.55,391.45,75.0
2025-10-01,09:37:42.000,391.0,525.0,390.5,391.5,300.0
2025-10-01,09:37:43.000,391.0,525.0,390.5,391.5,300.0
2025-10-01,09:37:44.000,391.48,75.0,390.95,392.0,150.0
2025-10-01,09:37:45.000,391.52,375.0,391.05,392.0,150.0
2025-10-01,09:37:46.000,391.52,375.0,391.05,392.0,150.0
2025-10-01,09:37:47.000,391.02,75.0,390.55,391.5,675.0
2025-10-01,09:37:48.000,391.02,75.0,390.55,391.5,675.0
2025-10-01,09:37:49.000,391.68,375.0,391.1,392.25,300.0
2025-10-01,09:37:50.000,391.7,75.0,391.15,392.25,450.0
2025-10-01,09:37:51.000,391.7,75.0,391.15,392.25,450.0
2025-10-01,09:37:52.000,391.4,150.0,390.9,391.9,375.0
2025-10-01,09:37:53.000,391.4,150.0,390.9,391.9,375.0
2025-10-01,09:37:54.000,391.42,225.0,390.9,391.95,75.0
2025-10-01,09:37:55.000,391.33,75.0,390.85,391.8,150.0
2025-10-01,09:37:56.000,391.33,75.0,390.85,391.8,150.0
2025-10-01,09:37:57.000,390.62,300.0,390.05,391.2,75.0
2025-10-01,09:37:58.000,390.62,300.0,390.05,391.2,75.0
2025-10-01,09:37:59.000,390.88,525.0,390.35,391.4,75.0
2025-10-01,09:38:00.000,390.2,75.0,389.7,390.7,75.0
2025-10-01,09:38:01.000,390.2,75.0,389.7,390.7,75.0
2025-10-01,09:38:02.000,390.12,75.0,390.05,390.2,75.0
2025-10-01,09:38:03.000,390.12,75.0,390.05,390.2,75.0
2025-10-01,09:38:04.000,389.62,75.0,389.35,389.9,75.0
2025-10-01,09:38:05.000,389.38,75.0,389.25,389.5,300.0
2025-10-01,09:38:06.000,389.38,75.0,389.25,389.5,300.0
2025-10-01,09:38:07.000,389.02,75.0,388.6,389.45,75.0
2025-10-01,09:38:08.000,389.02,75.0,388.6,389.45,75.0
2025-10-01,09:38:09.000,389.72,525.0,389.2,390.25,225.0
2025-10-01,09:38:10.000,389.42,600.0,388.95,389.9,675.0
2025-10-01,09:38:11.000,389.42,600.0,388.95,389.9,675.0
2025-10-01,09:38:12.000,388.88,75.0,388.3,389.45,225.0
2025-10-01,09:38:13.000,388.88,75.0,388.3,389.45,225.0
2025-10-01,09:38:14.000,388.68,450.0,388.1,389.25,225.0
2025-10-01,09:38:15.000,388.92,1050.0,388.35,389.5,225.0
2025-10-01,09:38:16.000,388.92,1050.0,388.35,389.5,225.0
2025-10-01,09:38:17.000,389.12,150.0,388.8,389.45,75.0
2025-10-01,09:38:18.000,389.12,150.0,388.8,389.45,75.0
2025-10-01,09:38:19.000,390.18,300.0,389.85,390.5,225.0
2025-10-01,09:38:20.000,390.38,150.0,390.0,390.75,375.0
2025-10-01,09:38:21.000,390.38,150.0,390.0,390.75,375.0
2025-10-01,09:38:22.000,390.25,150.0,390.0,390.5,225.0
2025-10-01,09:38:23.000,390.25,150.0,390.0,390.5,225.0
2025-10-01,09:38:24.000,390.25,150.0,390.0,390.5,150.0
2025-10-01,09:38:25.000,388.8,225.0,388.35,389.25,225.0
2025-10-01,09:38:26.000,388.8,225.0,388.35,389.25,225.0
2025-10-01,09:38:27.000,387.75,450.0,387.25,388.25,150.0
2025-10-01,09:38:28.000,387.75,450.0,387.25,388.25,150.0
2025-10-01,09:38:29.000,387.72,600.0,387.2,388.25,225.0
2025-10-01,09:38:30.000,388.25,150.0,388.0,388.5,300.0
2025-10-01,09:38:31.000,388.25,150.0,388.0,388.5,300.0
2025-10-01,09:38:32.000,389.15,150.0,388.8,389.5,225.0
2025-10-01,09:38:33.000,389.15,150.0,388.8,389.5,225.0
2025-10-01,09:38:34.000,388.8,150.0,388.6,389.0,150.0
2025-10-01,09:38:35.000,389.22,300.0,388.95,389.5,375.0
2025-10-01,09:38:36.000,389.22,300.0,388.95,389.5,375.0
2025-10-01,09:38:37.000,389.55,150.0,389.35,389.75,300.0
2025-10-01,09:38:38.000,389.55,150.0,389.35,389.75,300.0
2025-10-01,09:38:39.000,389.88,75.0,389.75,390.0,150.0
2025-10-01,09:38:40.000,389.75,150.0,389.5,390.0,150.0
2025-10-01,09:38:41.000,389.75,150.0,389.5,390.0,150.0
2025-10-01,09:38:42.000,388.95,150.0,388.65,389.25,150.0
2025-10-01,09:38:43.000,388.95,150.0,388.65,389.25,150.0
2025-10-01,09:38:44.000,389.55,75.0,389.35,389.75,150.0
2025-10-01,09:38:45.000,389.42,300.0,389.1,389.75,225.0
2025-10-01,09:38:46.000,389.42,300.0,389.1,389.75,225.0
2025-10-01,09:38:47.000,390.3,150.0,390.1,390.5,600.0
2025-10-01,09:38:48.000,390.3,150.0,390.1,390.5,600.0
2025-10-01,09:38:49.000,390.3,150.0,390.1,390.5,300.0
2025-10-01,09:38:50.000,390.3,150.0,390.1,390.5,150.0
2025-10-01,09:38:51.000,390.3,150.0,390.1,390.5,150.0
2025-10-01,09:38:52.000,390.32,75.0,390.15,390.5,300.0
2025-10-01,09:38:53.000,390.32,75.0,390.15,390.5,300.0
2025-10-01,09:38:54.000,389.7,150.0,389.4,390.0,150.0
2025-10-01,09:38:55.000,388.92,225.0,388.6,389.25,150.0
2025-10-01,09:38:56.000,388.92,225.0,388.6,389.25,150.0
2025-10-01,09:38:57.000,388.98,150.0,388.7,389.25,150.0
2025-10-01,09:38:58.000,388.98,150.0,388.7,389.25,150.0
2025-10-01,09:38:59.000,388.88,150.0,388.5,389.25,225.0
2025-10-01,09:39:00.000,388.88,150.0,388.5,389.25,225.0
2025-10-01,09:39:01.000,389.58,300.0,389.15,390.0,150.0
2025-10-01,09:39:02.000,388.85,375.0,388.45,389.25,225.0
2025-10-01,09:39:03.000,388.85,375.0,388.45,389.25,225.0
2025-10-01,09:39:04.000,389.02,150.0,388.6,389.45,675.0
2025-10-01,09:39:05.000,389.02,150.0,388.6,389.45,675.0
2025-10-01,09:39:06.000,389.3,150.0,388.85,389.75,525.0
2025-10-01,09:39:07.000,390.15,150.0,389.8,390.5,375.0
2025-10-01,09:39:08.000,390.15,150.0,389.8,390.5,375.0
2025-10-01,09:39:09.000,389.62,150.0,389.25,390.0,300.0
2025-10-01,09:39:10.000,389.62,150.0,389.25,390.0,300.0
2025-10-01,09:39:11.000,389.72,150.0,389.45,390.0,300.0
2025-10-01,09:39:12.000,389.78,150.0,389.55,390.0,150.0
2025-10-01,09:39:13.000,389.78,150.0,389.55,390.0,150.0
2025-10-01,09:39:14.000,390.08,75.0,389.65,390.5,375.0
2025-10-01,09:39:15.000,390.08,75.0,389.65,390.5,375.0
2025-10-01,09:39:16.000,390.3,375.0,389.85,390.75,150.0
2025-10-01,09:39:17.000,391.12,225.0,390.75,391.5,150.0
2025-10-01,09:39:18.000,391.12,225.0,390.75,391.5,150.0
2025-10-01,09:39:19.000,391.4,450.0,391.05,391.75,150.0
2025-10-01,09:39:20.000,391.4,450.0,391.05,391.75,150.0
2025-10-01,09:39:21.000,391.08,150.0,390.75,391.4,75.0
2025-10-01,09:39:22.000,391.45,75.0,391.0,391.9,75.0
2025-10-01,09:39:23.000,391.45,75.0,391.0,391.9,75.0
2025-10-01,09:39:24.000,390.98,525.0,390.45,391.5,225.0
2025-10-01,09:39:25.000,390.98,525.0,390.45,391.5,225.0
2025-10-01,09:39:26.000,391.12,75.0,390.75,391.5,150.0
2025-10-01,09:39:27.000,391.15,600.0,390.55,391.75,300.0
2025-10-01,09:39:28.000,391.15,600.0,390.55,391.75,300.0
2025-10-01,09:39:29.000,391.88,525.0,391.5,392.25,150.0
2025-10-01,09:39:30.000,391.88,525.0,391.5,392.25,150.0
2025-10-01,09:39:31.000,393.48,450.0,393.2,393.75,300.0
2025-10-01,09:39:32.000,392.88,75.0,392.5,393.25,375.0
2025-10-01,09:39:33.000,392.88,75.0,392.5,393.25,375.0
2025-10-01,09:39:34.000,393.62,75.0,393.25,394.0,150.0
2025-10-01,09:39:35.000,393.62,75.0,393.25,394.0,150.0
2025-10-01,09:39:36.000,393.18,150.0,392.6,393.75,300.0
2025-10-01,09:39:37.000,392.95,525.0,392.45,393.45,525.0
2025-10-01,09:39:38.000,392.95,525.0,392.45,393.45,525.0
2025-10-01,09:39:39.000,392.52,750.0,392.0,393.05,450.0
2025-10-01,09:39:40.000,392.95,600.0,392.4,393.5,900.0
2025-10-01,09:39:41.000,392.95,600.0,392.4,393.5,900.0
2025-10-01,09:39:42.000,393.3,150.0,392.85,393.75,225.0
2025-10-01,09:39:43.000,393.3,150.0,392.85,393.75,225.0
2025-10-01,09:39:44.000,393.58,300.0,393.15,394.0,150.0
2025-10-01,09:39:45.000,393.25,150.0,393.0,393.5,150.0
2025-10-01,09:39:46.000,393.25,150.0,393.0,393.5,150.0
2025-10-01,09:39:47.000,393.38,225.0,393.0,393.75,150.0
2025-10-01,09:39:48.000,393.38,225.0,393.0,393.75,150.0
2025-10-01,09:39:49.000,393.3,75.0,393.1,393.5,150.0
2025-10-01,09:39:50.000,393.45,75.0,393.15,393.75,600.0
2025-10-01,09:39:51.000,393.45,75.0,393.15,393.75,600.0
2025-10-01,09:39:52.000,393.62,75.0,393.25,394.0,150.0
2025-10-01,09:39:53.000,393.62,75.0,393.25,394.0,150.0
2025-10-01,09:39:54.000,392.8,525.0,392.35,393.25,300.0
2025-10-01,09:39:55.000,393.28,750.0,392.8,393.75,225.0
2025-10-01,09:39:56.000,393.28,750.0,392.8,393.75,225.0
2025-10-01,09:39:57.000,392.82,525.0,392.25,393.4,525.0
2025-10-01,09:39:58.000,392.82,525.0,392.25,393.4,525.0
2025-10-01,09:39:59.000,392.5,150.0,392.0,393.0,300.0
2025-10-01,09:40:00.000,392.55,750.0,392.05,393.05,375.0
2025-10-01,09:40:01.000,392.55,750.0,392.05,393.05,375.0
2025-10-01,09:40:02.000,393.0,225.0,392.5,393.5,300.0
2025-10-01,09:40:03.000,393.0,225.0,392.5,393.5,300.0
2025-10-01,09:40:04.000,392.08,525.0,391.5,392.65,525.0
2025-10-01,09:40:05.000,392.15,375.0,391.6,392.7,300.0
2025-10-01,09:40:06.000,392.15,375.0,391.6,392.7,300.0
2025-10-01,09:40:07.000,392.82,450.0,392.4,393.25,225.0
2025-10-01,09:40:08.000,392.82,450.0,392.4,393.25,225.0
2025-10-01,09:40:09.000,392.48,525.0,391.95,393.0,225.0
2025-10-01,09:40:10.000,392.5,600.0,392.0,393.0,75.0
2025-10-01,09:40:11.000,392.5,600.0,392.0,393.0,75.0
2025-10-01,09:40:12.000,392.6,750.0,392.0,393.2,75.0
2025-10-01,09:40:13.000,392.6,750.0,392.0,393.2,75.0
2025-10-01,09:40:14.000,392.15,75.0,391.6,392.7,525.0
2025-10-01,09:40:15.000,391.75,150.0,391.6,391.9,75.0
2025-10-01,09:40:16.000,391.75,150.0,391.6,391.9,75.0
2025-10-01,09:40:17.000,391.9,75.0,391.65,392.15,75.0
2025-10-01,09:40:18.000,391.9,75.0,391.65,392.15,75.0
2025-10-01,09:40:19.000,391.8,300.0,391.65,391.95,75.0
2025-10-01,09:40:20.000,391.52,375.0,391.1,391.95,300.0
2025-10-01,09:40:21.000,391.52,375.0,391.1,391.95,300.0
2025-10-01,09:40:22.000,391.48,600.0,391.0,391.95,75.0
2025-10-01,09:40:23.000,391.48,600.0,391.0,391.95,75.0
2025-10-01,09:40:24.000,391.08,375.0,390.5,391.65,450.0
2025-10-01,09:40:25.000,391.12,375.0,390.6,391.65,450.0
2025-10-01,09:40:26.000,391.12,375.0,390.6,391.65,450.0
2025-10-01,09:40:27.000,391.5,450.0,391.0,392.0,300.0
2025-10-01,09:40:28.000,391.5,450.0,391.0,392.0,300.0
2025-10-01,09:40:29.000,390.75,450.0,390.3,391.2,75.0
2025-10-01,09:40:30.000,390.9,225.0,390.45,391.35,225.0
2025-10-01,09:40:31.000,390.9,225.0,390.45,391.35,225.0
2025-10-01,09:40:32.000,390.78,150.0,390.45,391.1,75.0
2025-10-01,09:40:33.000,390.78,150.0,390.45,391.1,75.0
2025-10-01,09:40:34.000,390.33,150.0,389.85,390.8,525.0
2025-10-01,09:40:35.000,390.85,525.0,390.5,391.2,450.0
2025-10-01,09:40:36.000,390.85,525.0,390.5,391.2,450.0
2025-10-01,09:40:37.000,390.55,450.0,390.0,391.1,300.0
2025-10-01,09:40:38.000,390.55,450.0,390.0,391.1,300.0
2025-10-01,09:40:39.000,389.95,450.0,389.55,390.35,75.0
2025-10-01,09:40:40.000,390.05,375.0,389.6,390.5,150.0
2025-10-01,09:40:41.000,390.05,375.0,389.6,390.5,150.0
2025-10-01,09:40:42.000,389.92,675.0,389.4,390.45,75.0
2025-10-01,09:40:43.000,389.92,675.0,389.4,390.45,75.0
2025-10-01,09:40:44.000,389.33,750.0,388.8,389.85,75.0
2025-10-01,09:40:45.000,389.45,300.0,388.95,389.95,75.0
2025-10-01,09:40:46.000,389.45,300.0,388.95,389.95,75.0
2025-10-01,09:40:47.000,391.35,150.0,390.95,391.75,225.0
2025-10-01,09:40:48.000,391.35,150.0,390.95,391.75,225.0
2025-10-01,09:40:49.000,392.28,300.0,391.85,392.7,75.0
2025-10-01,09:40:50.000,392.05,450.0,391.6,392.5,225.0
2025-10-01,09:40:51.000,392.05,450.0,391.6,392.5,225.0
2025-10-01,09:40:52.000,391.78,450.0,391.3,392.25,225.0
2025-10-01,09:40:53.000,391.78,450.0,391.3,392.25,225.0
2025-10-01,09:40:54.000,392.08,450.0,391.65,392.5,225.0
2025-10-01,09:40:55.000,392.55,375.0,392.1,393.0,225.0
2025-10-01,09:40:56.000,392.55,375.0,392.1,393.0,225.0
2025-10-01,09:40:57.000,392.38,375.0,392.0,392.75,225.0
2025-10-01,09:40:58.000,392.38,375.0,392.0,392.75,225.0
2025-10-01,09:40:59.000,391.88,600.0,391.5,392.25,150.0
2025-10-01,09:41:00.000,392.38,525.0,392.0,392.75,300.0
2025-10-01,09:41:01.000,392.38,525.0,392.0,392.75,300.0
2025-10-01,09:41:02.000,393.08,150.0,392.65,393.5,225.0
2025-10-01,09:41:03.000,393.08,150.0,392.65,393.5,225.0
2025-10-01,09:41:04.000,394.15,375.0,393.8,394.5,450.0
2025-10-01,09:41:05.000,394.45,150.0,394.15,394.75,225.0
2025-10-01,09:41:06.000,394.45,150.0,394.15,394.75,225.0
2025-10-01,09:41:07.000,393.9,150.0,393.55,394.25,225.0
2025-10-01,09:41:08.000,393.9,150.0,393.55,394.25,225.0
2025-10-01,09:41:09.000,393.8,150.0,393.35,394.25,150.0
2025-10-01,09:41:10.000,394.1,375.0,393.7,394.5,300.0
2025-10-01,09:41:11.000,394.1,375.0,393.7,394.5,300.0
2025-10-01,09:41:12.000,394.78,75.0,394.55,395.0,150.0
2025-10-01,09:41:13.000,394.78,75.0,394.55,395.0,150.0
2025-10-01,09:41:14.000,395.1,450.0,394.7,395.5,150.0
2025-10-01,09:41:15.000,395.42,600.0,394.9,395.95,450.0
2025-10-01,09:41:16.000,395.42,600.0,394.9,395.95,450.0
2025-10-01,09:41:17.000,395.55,150.0,395.15,395.95,450.0
2025-10-01,09:41:18.000,395.55,150.0,395.15,395.95,450.0
2025-10-01,09:41:19.000,395.52,150.0,395.15,395.9,75.0
2025-10-01,09:41:20.000,395.45,150.0,395.15,395.75,375.0
2025-10-01,09:41:21.000,395.45,150.0,395.15,395.75,375.0
2025-10-01,09:41:22.000,395.45,150.0,395.15,395.75,225.0
2025-10-01,09:41:23.000,395.45,150.0,395.15,395.75,225.0
2025-10-01,09:41:24.000,395.18,375.0,395.1,395.25,300.0
2025-10-01,09:41:25.000,394.55,450.0,394.1,395.0,150.0
2025-10-01,09:41:26.000,394.55,450.0,394.1,395.0,150.0
2025-10-01,09:41:27.000,393.72,225.0,393.2,394.25,150.0
2025-10-01,09:41:28.000,393.72,225.0,393.2,394.25,150.0
2025-10-01,09:41:29.000,394.28,450.0,393.8,394.75,225.0
2025-10-01,09:41:30.000,393.9,150.0,393.55,394.25,225.0
2025-10-01,09:41:31.000,393.9,150.0,393.55,394.25,225.0
2025-10-01,09:41:32.000,394.18,150.0,393.85,394.5,225.0
2025-10-01,09:41:33.000,394.18,150.0,393.85,394.5,225.0
2025-10-01,09:41:34.000,393.18,450.0,392.6,393.75,375.0
2025-10-01,09:41:35.000,393.25,450.0,392.75,393.75,225.0
2025-10-01,09:41:36.000,393.25,450.0,392.75,393.75,225.0
2025-10-01,09:41:37.000,393.7,300.0,393.15,394.25,225.0
2025-10-01,09:41:38.000,393.7,300.0,393.15,394.25,225.0
2025-10-01,09:41:39.000,393.48,300.0,392.95,394.0,150.0
2025-10-01,09:41:40.000,394.75,375.0,394.1,395.4,150.0
2025-10-01,09:41:41.000,394.75,375.0,394.1,395.4,150.0
2025-10-01,09:41:42.000,394.48,75.0,393.95,395.0,225.0
2025-10-01,09:41:43.000,394.48,75.0,393.95,395.0,225.0
2025-10-01,09:41:44.000,394.22,600.0,393.7,394.75,300.0
2025-10-01,09:41:45.000,393.92,300.0,393.6,394.25,300.0
2025-10-01,09:41:46.000,393.92,300.0,393.6,394.25,300.0
2025-10-01,09:41:47.000,393.6,450.0,393.0,394.2,375.0
2025-10-01,09:41:48.000,393.6,450.0,393.0,394.2,375.0
2025-10-01,09:41:49.000,393.98,600.0,393.45,394.5,300.0
2025-10-01,09:41:50.000,393.7,225.0,393.15,394.25,225.0
2025-10-01,09:41:51.000,393.7,225.0,393.15,394.25,225.0
2025-10-01,09:41:52.000,393.75,75.0,393.55,393.95,1800.0
2025-10-01,09:41:53.000,393.75,75.0,393.55,393.95,1800.0
2025-10-01,09:41:54.000,393.5,75.0,393.45,393.55,1425.0
2025-10-01,09:41:55.000,393.85,600.0,393.25,394.45,150.0
2025-10-01,09:41:56.000,393.85,600.0,393.25,394.45,150.0
2025-10-01,09:41:57.000,393.5,525.0,393.0,394.0,225.0
2025-10-01,09:41:58.000,393.5,525.0,393.0,394.0,225.0
2025-10-01,09:41:59.000,394.45,450.0,393.9,395.0,300.0
2025-10-01,09:42:00.000,394.28,600.0,393.8,394.75,225.0
2025-10-01,09:42:01.000,394.28,600.0,393.8,394.75,225.0
2025-10-01,09:42:02.000,394.4,150.0,394.05,394.75,300.0
2025-10-01,09:42:03.000,394.4,150.0,394.05,394.75,300.0
2025-10-01,09:42:04.000,394.55,150.0,394.3,394.8,75.0
2025-10-01,09:42:05.000,394.2,150.0,393.9,394.5,225.0
2025-10-01,09:42:06.000,394.2,150.0,393.9,394.5,225.0
2025-10-01,09:42:07.000,394.62,150.0,394.45,394.8,75.0
2025-10-01,09:42:08.000,394.62,150.0,394.45,394.8,75.0
2025-10-01,09:42:09.000,394.3,525.0,393.85,394.75,225.0
2025-10-01,09:42:10.000,394.4,675.0,394.0,394.8,75.0
2025-10-01,09:42:11.000,394.4,675.0,394.0,394.8,75.0
2025-10-01,09:42:12.000,394.4,75.0,394.0,394.8,225.0
2025-10-01,09:42:13.000,394.4,75.0,394.0,394.8,225.0
2025-10-01,09:42:14.000,394.45,225.0,394.0,394.9,75.0
2025-10-01,09:42:15.000,394.48,75.0,394.0,394.95,675.0
2025-10-01,09:42:16.000,394.48,75.0,394.0,394.95,675.0
2025-10-01,09:42:17.000,394.18,450.0,393.6,394.75,300.0
2025-10-01,09:42:18.000,394.18,450.0,393.6,394.75,300.0
2025-10-01,09:42:19.000,394.65,75.0,394.3,395.0,75.0
2025-10-01,09:42:20.000,394.35,150.0,394.05,394.65,75.0
2025-10-01,09:42:21.000,394.35,150.0,394.05,394.65,75.0
2025-10-01,09:42:22.000,394.9,75.0,394.8,395.0,75.0
2025-10-01,09:42:23.000,394.9,75.0,394.8,395.0,75.0
2025-10-01,09:42:24.000,396.28,75.0,395.7,396.85,975.0
2025-10-01,09:42:25.000,397.12,300.0,396.6,397.65,75.0
2025-10-01,09:42:26.000,397.12,300.0,396.6,397.65,75.0
2025-10-01,09:42:27.000,397.48,75.0,396.95,398.0,375.0
2025-10-01,09:42:28.000,397.48,75.0,396.95,398.0,375.0
2025-10-01,09:42:29.000,396.82,225.0,396.4,397.25,225.0
2025-10-01,09:42:30.000,397.12,75.0,396.55,397.7,300.0
2025-10-01,09:42:31.000,397.12,75.0,396.55,397.7,300.0
2025-10-01,09:42:32.000,396.92,75.0,396.35,397.5,225.0
2025-10-01,09:42:33.000,396.92,75.0,396.35,397.5,225.0
2025-10-01,09:42:34.000,397.35,150.0,396.75,397.95,525.0
2025-10-01,09:42:35.000,397.45,300.0,396.9,398.0,225.0
2025-10-01,09:42:36.000,397.45,300.0,396.9,398.0,225.0
2025-10-01,09:42:37.000,396.98,150.0,396.45,397.5,300.0
2025-10-01,09:42:38.000,396.98,150.0,396.45,397.5,300.0
2025-10-01,09:42:39.000,396.98,150.0,396.45,397.5,300.0
2025-10-01,09:42:40.000,397.55,75.0,397.1,398.0,75.0
2025-10-01,09:42:41.000,397.55,75.0,397.1,398.0,75.0
2025-10-01,09:42:42.000,398.2,375.0,397.65,398.75,225.0
2025-10-01,09:42:43.000,398.2,375.0,397.65,398.75,225.0
2025-10-01,09:42:44.000,397.72,450.0,397.2,398.25,375.0
2025-10-01,09:42:45.000,397.45,375.0,396.9,398.0,150.0
2025-10-01,09:42:46.000,397.45,375.0,396.9,398.0,150.0
2025-10-01,09:42:47.000,398.02,300.0,397.55,398.5,225.0
2025-10-01,09:42:48.000,398.02,300.0,397.55,398.5,225.0
2025-10-01,09:42:49.000,397.65,300.0,397.05,398.25,300.0
2025-10-01,09:42:50.000,397.22,150.0,396.7,397.75,225.0
2025-10-01,09:42:51.000,397.22,150.0,396.7,397.75,225.0
2025-10-01,09:42:52.000,397.28,150.0,396.75,397.8,525.0
2025-10-01,09:42:53.000,397.28,150.0,396.75,397.8,525.0
2025-10-01,09:42:54.000,397.33,75.0,396.8,397.85,375.0
2025-10-01,09:42:55.000,397.18,75.0,396.6,397.75,225.0
2025-10-01,09:42:56.000,397.18,75.0,396.6,397.75,225.0
2025-10-01,09:42:57.000,396.8,300.0,396.25,397.35,75.0
2025-10-01,09:42:58.000,396.8,300.0,396.25,397.35,75.0
2025-10-01,09:42:59.000,397.35,525.0,396.75,397.95,375.0
2025-10-01,09:43:00.000,397.12,375.0,396.5,397.75,300.0
2025-10-01,09:43:01.000,397.12,375.0,396.5,397.75,300.0
2025-10-01,09:43:02.000,397.7,375.0,397.05,398.35,525.0
2025-10-01,09:43:03.000,397.7,375.0,397.05,398.35,525.0
2025-10-01,09:43:04.000,397.38,300.0,396.75,398.0,150.0
2025-10-01,09:43:05.000,396.8,375.0,396.25,397.35,75.0
2025-10-01,09:43:06.000,396.8,375.0,396.25,397.35,75.0
2025-10-01,09:43:07.000,396.8,225.0,396.25,397.35,75.0
2025-10-01,09:43:08.000,396.8,225.0,396.25,397.35,75.0
2025-10-01,09:43:09.000,396.83,450.0,396.3,397.35,75.0
2025-10-01,09:43:10.000,396.7,225.0,396.15,397.25,150.0
2025-10-01,09:43:11.000,396.7,225.0,396.15,397.25,150.0
2025-10-01,09:43:12.000,396.7,300.0,396.15,397.25,300.0
2025-10-01,09:43:13.000,396.7,300.0,396.15,397.25,300.0
2025-10-01,09:43:14.000,396.52,75.0,396.05,397.0,150.0
2025-10-01,09:43:15.000,396.7,150.0,396.2,397.2,525.0
2025-10-01,09:43:16.000,396.7,150.0,396.2,397.2,525.0
2025-10-01,09:43:17.000,396.9,375.0,396.3,397.5,750.0
2025-10-01,09:43:18.000,396.9,375.0,396.3,397.5,750.0
2025-10-01,09:43:19.000,397.65,525.0,397.05,398.25,375.0
2025-10-01,09:43:20.000,397.72,525.0,397.2,398.25,75.0
2025-10-01,09:43:21.000,397.72,525.0,397.2,398.25,75.0
2025-10-01,09:43:22.000,399.33,375.0,398.85,399.8,225.0
2025-10-01,09:43:23.000,399.33,375.0,398.85,399.8,225.0
2025-10-01,09:43:24.000,399.2,225.0,398.65,399.75,525.0
2025-10-01,09:43:25.000,399.5,150.0,399.2,399.8,150.0
2025-10-01,09:43:26.000,399.5,150.0,399.2,399.8,150.0
2025-10-01,09:43:27.000,399.55,150.0,399.1,400.0,1050.0
2025-10-01,09:43:28.000,399.55,150.0,399.1,400.0,1050.0
2025-10-01,09:43:29.000,398.4,75.0,397.8,399.0,375.0
2025-10-01,09:43:30.000,397.9,75.0,397.3,398.5,300.0
2025-10-01,09:43:31.000,397.9,75.0,397.3,398.5,300.0
2025-10-01,09:43:32.000,397.25,75.0,396.7,397.8,75.0
2025-10-01,09:43:33.000,397.25,75.0,396.7,397.8,75.0
2025-10-01,09:43:34.000,397.68,150.0,397.1,398.25,300.0
2025-10-01,09:43:35.000,397.35,300.0,396.75,397.95,75.0
2025-10-01,09:43:36.000,397.35,300.0,396.75,397.95,75.0
2025-10-01,09:43:37.000,397.28,225.0,396.75,397.8,75.0
2025-10-01,09:43:38.000,397.28,225.0,396.75,397.8,75.0
2025-10-01,09:43:39.000,396.68,75.0,396.3,397.05,75.0
2025-10-01,09:43:40.000,396.6,375.0,396.0,397.2,300.0
2025-10-01,09:43:41.000,396.6,375.0,396.0,397.2,300.0
2025-10-01,09:43:42.000,396.4,75.0,395.85,396.95,225.0
2025-10-01,09:43:43.000,396.4,75.0,395.85,396.95,225.0
2025-10-01,09:43:44.000,396.9,75.0,396.3,397.5,675.0
2025-10-01,09:43:45.000,397.82,150.0,397.25,398.4,375.0
2025-10-01,09:43:46.000,397.82,150.0,397.25,398.4,375.0
2025-10-01,09:43:47.000,398.95,75.0,398.4,399.5,225.0
2025-10-01,09:43:48.000,398.95,75.0,398.4,399.5,225.0
2025-10-01,09:43:49.000,399.42,225.0,398.85,400.0,900.0
2025-10-01,09:43:50.000,399.32,150.0,398.75,399.9,525.0
2025-10-01,09:43:51.000,399.32,150.0,398.75,399.9,525.0
2025-10-01,09:43:52.000,398.38,225.0,397.75,399.0,600.0
2025-10-01,09:43:53.000,398.38,225.0,397.75,399.0,600.0
2025-10-01,09:43:54.000,398.82,150.0,398.4,399.25,225.0
2025-10-01,09:43:55.000,400.28,75.0,399.8,400.75,150.0
2025-10-01,09:43:56.000,400.28,75.0,399.8,400.75,150.0
2025-10-01,09:43:57.000,400.95,75.0,400.65,401.25,450.0
2025-10-01,09:43:58.000,400.95,75.0,400.65,401.25,450.0
2025-10-01,09:43:59.000,402.18,75.0,401.6,402.75,450.0
2025-10-01,09:44:00.000,401.85,150.0,401.5,402.2,75.0
2025-10-01,09:44:01.000,401.85,150.0,401.5,402.2,75.0
2025-10-01,09:44:02.000,401.45,150.0,401.15,401.75,450.0
2025-10-01,09:44:03.000,401.45,150.0,401.15,401.75,450.0
2025-10-01,09:44:04.000,401.82,150.0,401.45,402.2,225.0
2025-10-01,09:44:05.000,403.25,150.0,403.0,403.5,300.0
2025-10-01,09:44:06.000,403.25,150.0,403.0,403.5,300.0
2025-10-01,09:44:07.000,402.35,75.0,401.95,402.75,150.0
2025-10-01,09:44:08.000,402.35,75.0,401.95,402.75,150.0
2025-10-01,09:44:09.000,403.38,150.0,403.25,403.5,225.0
2025-10-01,09:44:10.000,403.28,150.0,403.05,403.5,225.0
2025-10-01,09:44:11.000,403.28,150.0,403.05,403.5,225.0
2025-10-01,09:44:12.000,403.28,150.0,403.05,403.5,150.0
2025-10-01,09:44:13.000,403.28,150.0,403.05,403.5,150.0
2025-10-01,09:44:14.000,403.52,150.0,403.3,403.75,375.0
2025-10-01,09:44:15.000,403.85,150.0,403.45,404.25,300.0
2025-10-01,09:44:16.000,403.85,150.0,403.45,404.25,300.0
2025-10-01,09:44:17.000,404.22,150.0,403.95,404.5,525.0
2025-10-01,09:44:18.000,404.22,150.0,403.95,404.5,525.0
2025-10-01,09:44:19.000,404.35,150.0,403.95,404.75,150.0
2025-10-01,09:44:20.000,404.25,75.0,403.75,404.75,150.0
2025-10-01,09:44:21.000,404.25,75.0,403.75,404.75,150.0
2025-10-01,09:44:22.000,404.55,375.0,404.0,405.1,75.0
2025-10-01,09:44:23.000,404.55,375.0,404.0,405.1,75.0
2025-10-01,09:44:24.000,404.88,225.0,404.3,405.45,525.0
2025-10-01,09:44:25.000,405.72,75.0,405.5,405.95,75.0
2025-10-01,09:44:26.000,405.72,75.0,405.5,405.95,75.0
2025-10-01,09:44:27.000,406.25,75.0,405.75,406.75,225.0
2025-10-01,09:44:28.000,406.25,75.0,405.75,406.75,225.0
2025-10-01,09:44:29.000,406.72,75.0,406.1,407.35,300.0
2025-10-01,09:44:30.000,407.22,225.0,406.6,407.85,75.0
2025-10-01,09:44:31.000,407.22,225.0,406.6,407.85,75.0
2025-10-01,09:44:32.000,406.55,75.0,405.95,407.15,525.0
2025-10-01,09:44:33.000,406.55,75.0,405.95,407.15,525.0
2025-10-01,09:44:34.000,406.45,300.0,405.9,407.0,150.0
2025-10-01,09:44:35.000,405.72,150.0,405.15,406.3,450.0
2025-10-01,09:44:36.000,405.72,150.0,405.15,406.3,450.0
2025-10-01,09:44:37.000,405.62,525.0,405.0,406.25,525.0
2025-10-01,09:44:38.000,405.62,525.0,405.0,406.25,525.0
2025-10-01,09:44:39.000,405.32,225.0,404.9,405.75,525.0
2025-10-01,09:44:40.000,404.38,450.0,404.0,404.75,225.0
2025-10-01,09:44:41.000,404.38,450.0,404.0,404.75,225.0
2025-10-01,09:44:42.000,404.22,525.0,404.0,404.45,450.0
2025-10-01,09:44:43.000,404.22,525.0,404.0,404.45,450.0
2025-10-01,09:44:44.000,403.7,150.0,403.25,404.15,75.0
2025-10-01,09:44:45.000,404.58,75.0,404.15,405.0,75.0
2025-10-01,09:44:46.000,404.58,75.0,404.15,405.0,75.0
2025-10-01,09:44:47.000,405.88,675.0,405.5,406.25,75.0
2025-10-01,09:44:48.000,405.88,675.0,405.5,406.25,75.0
2025-10-01,09:44:49.000,405.98,75.0,405.7,406.25,75.0
2025-10-01,09:44:50.000,405.8,75.0,405.35,406.25,450.0
2025-10-01,09:44:51.000,405.8,75.0,405.35,406.25,450.0
2025-10-01,09:44:52.000,405.35,75.0,404.8,405.9,600.0
2025-10-01,09:44:53.000,405.35,75.0,404.8,405.9,600.0
2025-10-01,09:44:54.000,404.9,75.0,404.35,405.45,75.0
2025-10-01,09:44:55.000,404.78,450.0,404.25,405.3,300.0
2025-10-01,09:44:56.000,404.78,450.0,404.25,405.3,300.0
2025-10-01,09:44:57.000,404.62,225.0,404.1,405.15,300.0
2025-10-01,09:44:58.000,404.62,225.0,404.1,405.15,300.0
2025-10-01,09:44:59.000,404.85,300.0,404.4,405.3,75.0
2025-10-01,09:45:00.000,404.3,75.0,404.0,404.6,75.0
2025-10-01,09:45:01.000,404.3,75.0,404.0,404.6,75.0
2025-10-01,09:45:02.000,403.58,150.0,403.05,404.1,75.0
2025-10-01,09:45:03.000,403.58,150.0,403.05,404.1,75.0
2025-10-01,09:45:04.000,402.55,75.0,402.2,402.9,75.0
2025-10-01,09:45:05.000,403.35,225.0,402.95,403.75,375.0
2025-10-01,09:45:06.000,403.35,225.0,402.95,403.75,375.0
2025-10-01,09:45:07.000,403.42,75.0,403.05,403.8,75.0
2025-10-01,09:45:08.000,403.42,75.0,403.05,403.8,75.0
