Date,Time,MID_PRICE,BID_SIZE,BID_PRICE,ASK_PRICE,ASK_SIZE
2025-10-01,09:15:00.000,267.27,150.0,260.05,274.5,75.0
2025-10-01,09:15:01.000,264.15,150.0,260.75,267.55,225.0
2025-10-01,09:15:02.000,264.15,150.0,260.75,267.55,225.0
2025-10-01,09:15:03.000,260.65,300.0,257.85,263.45,150.0
2025-10-01,09:15:04.000,262.7,525.0,260.6,264.8,1800.0
2025-10-01,09:15:05.000,263.77,150.0,262.55,265.0,75.0
2025-10-01,09:15:06.000,263.77,150.0,262.55,265.0,75.0
2025-10-01,09:15:07.000,265.38,150.0,264.75,266.0,150.0
2025-10-01,09:15:08.000,262.85,150.0,262.25,263.45,75.0
2025-10-01,09:15:09.000,261.58,150.0,261.0,262.15,525.0
2025-10-01,09:15:10.000,261.58,150.0,261.0,262.15,525.0
2025-10-01,09:15:11.000,259.23,450.0,258.2,260.25,900.0
2025-10-01,09:15:12.000,258.73,225.0,258.25,259.2,150.0
2025-10-01,09:15:13.000,257.48,225.0,256.95,258.0,75.0
2025-10-01,09:15:14.000,256.92,300.0,256.35,257.5,225.0
2025-10-01,09:15:15.000,256.92,300.0,256.35,257.5,225.0
2025-10-01,09:15:16.000,258.48,225.0,258.0,258.95,450.0
2025-10-01,09:15:17.000,259.4,375.0,259.0,259.8,75.0
2025-10-01,09:15:18.000,257.98,150.0,257.55,258.4,225.0
2025-10-01,09:15:19.000,257.98,150.0,257.55,258.4,225.0
2025-10-01,09:15:20.000,258.42,75.0,258.1,258.75,150.0
2025-10-01,09:15:21.000,258.5,450.0,258.05,258.95,75.0
2025-10-01,09:15:22.000,258.95,75.0,258.65,259.25,225.0
2025-10-01,09:15:23.000,258.95,75.0,258.65,259.25,225.0
2025-10-01,09:15:24.000,259.48,225.0,259.2,259.75,225.0
2025-10-01,09:15:25.000,259.32,150.0,258.9,259.75,75.0
2025-10-01,09:15:26.000,259.9,75.0,259.5,260.3,525.0
2025-10-01,09:15:27.000,259.9,75.0,259.5,260.3,525.0
2025-10-01,09:15:28.000,259.82,75.0,259.4,260.25,75.0
2025-10-01,09:15:29.000,259.98,150.0,259.65,260.3,900.0
2025-10-01,09:15:30.000,260.0,75.0,259.6,260.4,675.0
2025-10-01,09:15:31.000,260.0,75.0,259.6,260.4,675.0
2025-10-01,09:15:32.000,259.12,75.0,258.75,259.5,1275.0
2025-10-01,09:15:33.000,258.38,225.0,258.0,258.75,75.0
2025-10-01,09:15:34.000,257.62,75.0,257.2,258.05,375.0
2025-10-01,09:15:35.000,257.62,75.0,257.2,258.05,375.0
2025-10-01,09:15:36.000,256.2,150.0,255.8,256.6,225.0
2025-10-01,09:15:37.000,258.02,375.0,257.65,258.4,75.0
2025-10-01,09:15:38.000,257.73,375.0,257.25,258.2,600.0
2025-10-01,09:15:39.000,257.73,375.0,257.25,258.2,600.0
2025-10-01,09:15:40.000,256.77,75.0,256.4,257.15,900.0
2025-10-01,09:15:41.000,256.65,75.0,256.3,257.0,75.0
2025-10-01,09:15:42.000,257.4,300.0,257.05,257.75,225.0
2025-10-01,09:15:43.000,257.4,300.0,257.05,257.75,225.0
2025-10-01,09:15:44.000,257.65,300.0,257.2,258.1,75.0
2025-10-01,09:15:45.000,257.58,300.0,257.15,258.0,375.0
2025-10-01,09:15:46.000,257.92,225.0,257.6,258.25,75.0
2025-10-01,09:15:47.000,257.3,75.0,256.9,257.7,150.0
2025-10-01,09:15:48.000,257.3,75.0,256.9,257.7,150.0
2025-10-01,09:15:49.000,258.23,225.0,257.6,258.85,150.0
2025-10-01,09:15:50.000,258.58,450.0,258.05,259.1,450.0
2025-10-01,09:15:51.000,258.33,375.0,257.8,258.85,225.0
2025-10-01,09:15:52.000,258.33,375.0,257.8,258.85,225.0
2025-10-01,09:15:53.000,259.0,375.0,258.45,259.55,150.0
2025-10-01,09:15:54.000,259.05,375.0,258.65,259.45,225.0
2025-10-01,09:15:55.000,260.15,150.0,259.8,260.5,1800.0
2025-10-01,09:15:56.000,260.15,150.0,259.8,260.5,1800.0
2025-10-01,09:15:57.000,259.9,300.0,259.5,260.3,600.0
2025-10-01,09:15:58.000,259.92,150.0,259.5,260.35,525.0
2025-10-01,09:15:59.000,260.02,300.0,259.55,260.5,1800.0
2025-10-01,09:16:00.000,260.02,300.0,259.55,260.5,1800.0
2025-10-01,09:16:01.000,260.55,225.0,260.15,260.95,300.0
2025-10-01,09:16:02.000,259.52,300.0,259.1,259.95,75.0
2025-10-01,09:16:03.000,259.85,300.0,259.45,260.25,900.0
2025-10-01,09:16:04.000,259.85,300.0,259.45,260.25,900.0
2025-10-01,09:16:05.000,258.65,225.0,258.3,259.0,75.0
2025-10-01,09:16:06.000,257.82,150.0,257.5,258.15,225.0
2025-10-01,09:16:07.000,257.82,150.0,257.5,258.15,225.0
2025-10-01,09:16:08.000,256.75,75.0,256.4,257.1,75.0
2025-10-01,09:16:09.000,256.77,150.0,256.35,257.2,225.0
2025-10-01,09:16:10.000,256.77,150.0,256.35,257.2,225.0
2025-10-01,09:16:11.000,257.85,600.0,257.45,258.25,675.0
2025-10-01,09:16:12.000,257.5,300.0,257.2,257.8,150.0
2025-10-01,09:16:13.000,257.95,450.0,257.55,258.35,675.0
2025-10-01,09:16:14.000,257.95,450.0,257.55,258.35,675.0
2025-10-01,09:16:15.000,257.88,225.0,257.65,258.1,300.0
2025-10-01,09:16:16.000,257.52,375.0,257.15,257.9,375.0
2025-10-01,09:16:17.000,257.52,375.0,257.15,257.9,375.0
2025-10-01,09:16:18.000,259.2,525.0,258.75,259.65,225.0
2025-10-01,09:16:19.000,259.4,75.0,259.1,259.7,450.0
2025-10-01,09:16:20.000,259.2,450.0,258.85,259.55,975.0
2025-10-01,09:16:21.000,259.2,450.0,258.85,259.55,975.0
2025-10-01,09:16:22.000,258.83,75.0,258.55,259.1,450.0
2025-10-01,09:16:23.000,258.77,375.0,258.4,259.15,600.0
2025-10-01,09:16:24.000,258.6,2025.0,258.15,259.05,375.0
2025-10-01,09:16:25.000,258.6,2025.0,258.15,259.05,375.0
2025-10-01,09:16:26.000,258.68,600.0,258.35,259.0,75.0
2025-10-01,09:16:27.000,258.42,150.0,258.2,258.65,375.0
2025-10-01,09:16:28.000,257.5,450.0,257.1,257.9,450.0
2025-10-01,09:16:29.000,257.5,450.0,257.1,257.9,450.0
2025-10-01,09:16:30.000,258.35,225.0,257.95,258.75,1875.0
2025-10-01,09:16:31.000,258.4,75.0,258.15,258.65,225.0
2025-10-01,09:16:32.000,257.7,75.0,257.35,258.05,75.0
2025-10-01,09:16:33.000,257.7,75.0,257.35,258.05,75.0
2025-10-01,09:16:34.000,258.12,150.0,257.9,258.35,225.0
2025-10-01,09:16:35.000,258.68,300.0,258.35,259.0,75.0
2025-10-01,09:16:36.000,259.42,75.0,259.1,259.75,150.0
2025-10-01,09:16:37.000,259.42,75.0,259.1,259.75,150.0
2025-10-01,09:16:38.000,260.27,225.0,260.05,260.5,225.0
2025-10-01,09:16:39.000,260.92,600.0,260.6,261.25,750.0
2025-10-01,09:16:40.000,260.92,600.0,260.6,261.25,750.0
2025-10-01,09:16:41.000,261.15,150.0,260.8,261.5,300.0
2025-10-01,09:16:42.000,262.88,300.0,262.6,263.15,1875.0
2025-10-01,09:16:43.000,262.0,75.0,261.7,262.3,225.0
2025-10-01,09:16:44.000,262.0,75.0,261.7,262.3,225.0
2025-10-01,09:16:45.000,261.32,150.0,260.95,261.7,1875.0
2025-10-01,09:16:46.000,260.8,225.0,260.45,261.15,225.0
2025-10-01,09:16:47.000,260.8,225.0,260.45,261.15,225.0
2025-10-01,09:16:48.000,261.83,375.0,261.55,262.1,75.0
2025-10-01,09:16:49.000,261.1,375.0,260.7,261.5,2475.0
2025-10-01,09:16:50.000,261.1,150.0,260.7,261.5,75.0
2025-10-01,09:16:51.000,261.1,150.0,260.7,261.5,75.0
2025-10-01,09:16:52.000,259.85,300.0,259.5,260.2,300.0
2025-10-01,09:16:53.000,260.7,375.0,260.4,261.0,150.0
2025-10-01,09:16:54.000,260.65,75.0,260.6,260.7,450.0
2025-10-01,09:16:55.000,260.65,75.0,260.6,260.7,450.0
2025-10-01,09:16:56.000,260.95,450.0,260.6,261.3,1800.0
2025-10-01,09:16:57.000,261.4,75.0,261.35,261.45,1875.0
2025-10-01,09:16:58.000,261.58,225.0,261.5,261.65,75.0
2025-10-01,09:16:59.000,261.58,225.0,261.5,261.65,75.0
2025-10-01,09:17:00.000,260.95,225.0,260.6,261.3,2175.0
2025-10-01,09:17:01.000,261.32,375.0,261.0,261.65,150.0
2025-10-01,09:17:02.000,261.32,375.0,261.0,261.65,150.0
2025-10-01,09:17:03.000,262.12,300.0,261.5,262.75,675.0
2025-10-01,09:17:04.000,262.02,300.0,261.7,262.35,1875.0
2025-10-01,09:17:05.000,261.82,375.0,261.5,262.15,75.0
2025-10-01,09:17:06.000,261.82,375.0,261.5,262.15,75.0
2025-10-01,09:17:07.000,261.85,300.0,261.5,262.2,75.0
2025-10-01,09:17:08.000,261.9,150.0,261.55,262.25,1800.0
2025-10-01,09:17:09.000,261.95,150.0,261.5,262.4,1425.0
2025-10-01,09:17:10.000,261.95,150.0,261.5,262.4,1425.0
2025-10-01,09:17:11.000,261.7,300.0,261.4,262.0,150.0
2025-10-01,09:17:12.000,261.08,75.0,260.75,261.4,1800.0
2025-10-01,09:17:13.000,261.08,75.0,260.75,261.4,1800.0
2025-10-01,09:17:14.000,260.95,300.0,260.6,261.3,1800.0
2025-10-01,09:17:15.000,260.27,375.0,260.05,260.5,75.0
2025-10-01,09:17:16.000,260.18,600.0,259.8,260.55,1650.0
2025-10-01,09:17:17.000,260.18,600.0,259.8,260.55,1650.0
2025-10-01,09:17:18.000,259.35,300.0,258.9,259.8,2550.0
2025-10-01,09:17:19.000,259.2,300.0,258.9,259.5,150.0
2025-10-01,09:17:20.000,258.08,300.0,257.9,258.25,600.0
2025-10-01,09:17:21.000,258.08,300.0,257.9,258.25,600.0
2025-10-01,09:17:22.000,259.23,600.0,259.0,259.45,75.0
2025-10-01,09:17:23.000,257.2,375.0,256.8,257.6,900.0
2025-10-01,09:17:24.000,257.2,375.0,256.8,257.6,900.0
2025-10-01,09:17:25.000,256.15,300.0,255.9,256.4,75.0
2025-10-01,09:17:26.000,256.8,450.0,256.5,257.1,825.0
2025-10-01,09:17:27.000,256.75,225.0,256.4,257.1,2175.0
2025-10-01,09:17:28.000,256.75,225.0,256.4,257.1,2175.0
2025-10-01,09:17:29.000,256.5,300.0,256.15,256.85,525.0
2025-10-01,09:17:30.000,255.85,75.0,255.65,256.05,75.0
2025-10-01,09:17:31.000,255.85,75.0,255.65,256.05,75.0
2025-10-01,09:17:32.000,255.5,1275.0,255.1,255.9,525.0
2025-10-01,09:17:33.000,255.75,525.0,255.4,256.1,675.0
2025-10-01,09:17:34.000,255.75,525.0,255.4,256.1,675.0
2025-10-01,09:17:35.000,256.38,675.0,256.05,256.7,375.0
2025-10-01,09:17:36.000,256.62,75.0,256.3,256.95,300.0
2025-10-01,09:17:37.000,255.8,525.0,255.45,256.15,300.0
2025-10-01,09:17:38.000,255.8,525.0,255.45,256.15,300.0
2025-10-01,09:17:39.000,254.9,300.0,254.55,255.25,525.0
2025-10-01,09:17:40.000,255.05,300.0,254.7,255.4,1125.0
2025-10-01,09:17:41.000,255.05,300.0,254.7,255.4,1125.0
2025-10-01,09:17:42.000,254.42,900.0,254.1,254.75,300.0
2025-10-01,09:17:43.000,254.8,75.0,254.55,255.05,375.0
2025-10-01,09:17:44.000,254.9,525.0,254.55,255.25,300.0
2025-10-01,09:17:45.000,254.9,525.0,254.55,255.25,300.0
2025-10-01,09:17:46.000,254.82,375.0,254.5,255.15,300.0
2025-10-01,09:17:47.000,256.32,525.0,256.0,256.65,300.0
2025-10-01,09:17:48.000,256.32,525.0,256.0,256.65,300.0
2025-10-01,09:17:49.000,256.85,525.0,256.45,257.25,300.0
2025-10-01,09:17:50.000,257.2,150.0,256.95,257.45,300.0
2025-10-01,09:17:51.000,257.2,150.0,256.95,257.45,300.0
2025-10-01,09:17:52.000,256.9,75.0,256.65,257.15,600.0
2025-10-01,09:17:53.000,255.22,525.0,254.75,255.7,525.0
2025-10-01,09:17:54.000,254.75,375.0,254.4,255.1,75.0
2025-10-01,09:17:55.000,254.75,375.0,254.4,255.1,75.0
2025-10-01,09:17:56.000,254.6,300.0,254.25,254.95,300.0
2025-10-01,09:17:57.000,254.0,75.0,253.75,254.25,75.0
2025-10-01,09:17:58.000,254.0,75.0,253.75,254.25,75.0
2025-10-01,09:17:59.000,253.78,975.0,253.5,254.05,75.0
2025-10-01,09:18:00.000,252.8,675.0,252.45,253.15,75.0
2025-10-01,09:18:01.000,252.8,675.0,252.45,253.15,75.0
2025-10-01,09:18:02.000,253.6,150.0,253.45,253.75,75.0
2025-10-01,09:18:03.000,254.35,300.0,254.0,254.7,300.0
2025-10-01,09:18:04.000,254.73,225.0,254.4,255.05,300.0
2025-10-01,09:18:05.000,254.73,225.0,254.4,255.05,300.0
2025-10-01,09:18:06.000,253.15,375.0,252.75,253.55,300.0
2025-10-01,09:18:07.000,254.38,150.0,254.0,254.75,300.0
2025-10-01,09:18:08.000,254.38,150.0,254.0,254.75,300.0
2025-10-01,09:18:09.000,254.38,300.0,254.0,254.75,225.0
2025-10-01,09:18:10.000,254.15,525.0,253.9,254.4,225.0
2025-10-01,09:18:11.000,254.15,525.0,253.9,254.4,225.0
2025-10-01,09:18:12.000,253.9,375.0,253.5,254.3,375.0
2025-10-01,09:18:13.000,253.58,300.0,253.3,253.85,225.0
2025-10-01,09:18:14.000,253.9,75.0,253.75,254.05,225.0
2025-10-01,09:18:15.000,253.9,75.0,253.75,254.05,225.0
2025-10-01,09:18:16.000,253.12,450.0,252.8,253.45,75.0
2025-10-01,09:18:17.000,253.08,150.0,252.7,253.45,375.0
2025-10-01,09:18:18.000,253.22,1800.0,253.0,253.45,300.0
2025-10-01,09:18:19.000,253.22,1800.0,253.0,253.45,300.0
2025-10-01,09:18:20.000,253.08,525.0,252.65,253.5,375.0
2025-10-01,09:18:21.000,253.82,225.0,253.5,254.15,75.0
2025-10-01,09:18:22.000,254.12,375.0,253.8,254.45,375.0
2025-10-01,09:18:23.000,254.12,375.0,253.8,254.45,375.0
2025-10-01,09:18:24.000,254.35,75.0,254.05,254.65,300.0
2025-10-01,09:18:25.000,254.12,300.0,253.75,254.5,675.0
2025-10-01,09:18:26.000,254.12,300.0,253.75,254.5,675.0
2025-10-01,09:18:27.000,253.8,675.0,253.45,254.15,75.0
2025-10-01,09:18:28.000,254.6,150.0,254.2,255.0,300.0
2025-10-01,09:18:29.000,254.9,525.0,254.5,255.3,300.0
2025-10-01,09:18:30.000,254.9,525.0,254.5,255.3,300.0
2025-10-01,09:18:31.000,254.9,375.0,254.5,255.3,375.0
2025-10-01,09:18:32.000,256.32,150.0,256.0,256.65,300.0
2025-10-01,09:18:33.000,256.32,150.0,256.0,256.65,300.0
2025-10-01,09:18:34.000,256.23,225.0,255.85,256.6,300.0
2025-10-01,09:18:35.000,255.5,300.0,255.15,255.85,375.0
2025-10-01,09:18:36.000,255.58,225.0,255.25,255.9,300.0
2025-10-01,09:18:37.000,255.58,225.0,255.25,255.9,300.0
2025-10-01,09:18:38.000,255.98,300.0,255.65,256.3,300.0
2025-10-01,09:18:39.000,255.52,75.0,255.15,255.9,525.0
2025-10-01,09:18:40.000,255.18,450.0,254.75,255.6,300.0
2025-10-01,09:18:41.000,255.18,450.0,254.75,255.6,300.0
2025-10-01,09:18:42.000,254.75,225.0,254.45,255.05,75.0
2025-10-01,09:18:43.000,254.75,225.0,254.45,255.05,75.0
2025-10-01,09:18:44.000,254.18,525.0,253.9,254.45,150.0
2025-10-01,09:18:45.000,254.23,450.0,253.9,254.55,450.0
2025-10-01,09:18:46.000,254.23,450.0,253.9,254.55,450.0
2025-10-01,09:18:47.000,255.05,225.0,254.75,255.35,225.0
2025-10-01,09:18:48.000,255.05,225.0,254.75,255.35,225.0
2025-10-01,09:18:49.000,255.25,225.0,254.85,255.65,300.0
2025-10-01,09:18:50.000,255.55,150.0,255.2,255.9,525.0
2025-10-01,09:18:51.000,255.55,150.0,255.2,255.9,525.0
2025-10-01,09:18:52.000,255.52,1350.0,255.3,255.75,600.0
2025-10-01,09:18:53.000,255.52,1350.0,255.3,255.75,600.0
2025-10-01,09:18:54.000,256.38,225.0,256.05,256.7,300.0
2025-10-01,09:18:55.000,256.42,375.0,256.15,256.7,75.0
2025-10-01,09:18:56.000,256.42,375.0,256.15,256.7,75.0
2025-10-01,09:18:57.000,256.12,525.0,255.8,256.45,525.0
2025-10-01,09:18:58.000,256.12,525.0,255.8,256.45,525.0
2025-10-01,09:18:59.000,257.25,225.0,256.9,257.6,375.0
2025-10-01,09:19:00.000,257.18,525.0,256.85,257.5,300.0
2025-10-01,09:19:01.000,257.18,525.0,256.85,257.5,300.0
2025-10-01,09:19:02.000,257.85,75.0,257.55,258.15,300.0
2025-10-01,09:19:03.000,257.85,75.0,257.55,258.15,300.0
2025-10-01,09:19:04.000,257.42,150.0,257.15,257.7,75.0
2025-10-01,09:19:05.000,258.2,225.0,257.85,258.55,225.0
2025-10-01,09:19:06.000,258.2,225.0,257.85,258.55,225.0
2025-10-01,09:19:07.000,257.5,150.0,257.1,257.9,375.0
2025-10-01,09:19:08.000,257.5,150.0,257.1,257.9,375.0
2025-10-01,09:19:09.000,257.6,150.0,257.2,258.0,600.0
2025-10-01,09:19:10.000,257.4,150.0,257.1,257.7,75.0
2025-10-01,09:19:11.000,257.4,150.0,257.1,257.7,75.0
2025-10-01,09:19:12.000,258.48,75.0,258.2,258.75,75.0
2025-10-01,09:19:13.000,258.48,75.0,258.2,258.75,75.0
2025-10-01,09:19:14.000,258.12,75.0,257.8,258.45,525.0
2025-10-01,09:19:15.000,258.27,300.0,258.05,258.5,225.0
2025-10-01,09:19:16.000,258.27,300.0,258.05,258.5,225.0
2025-10-01,09:19:17.000,257.48,150.0,257.05,257.9,375.0
2025-10-01,09:19:18.000,257.48,150.0,257.05,257.9,375.0
2025-10-01,09:19:19.000,258.48,225.0,258.2,258.75,225.0
2025-10-01,09:19:20.000,259.27,375.0,259.15,259.4,75.0
2025-10-01,09:19:21.000,259.27,375.0,259.15,259.4,75.0
2025-10-01,09:19:22.000,259.3,225.0,258.9,259.7,375.0
2025-10-01,09:19:23.000,259.3,225.0,258.9,259.7,375.0
2025-10-01,09:19:24.000,259.65,75.0,259.3,260.0,150.0
2025-10-01,09:19:25.000,259.38,300.0,259.0,259.75,75.0
2025-10-01,09:19:26.000,259.38,300.0,259.0,259.75,75.0
2025-10-01,09:19:27.000,258.02,225.0,257.65,258.4,450.0
2025-10-01,09:19:28.000,258.02,225.0,257.65,258.4,450.0
2025-10-01,09:19:29.000,258.08,225.0,257.7,258.45,525.0
2025-10-01,09:19:30.000,256.9,225.0,256.5,257.3,75.0
2025-10-01,09:19:31.000,256.9,225.0,256.5,257.3,75.0
2025-10-01,09:19:32.000,257.55,75.0,257.2,257.9,450.0
2025-10-01,09:19:33.000,257.55,75.0,257.2,257.9,450.0
2025-10-01,09:19:34.000,257.4,300.0,257.05,257.75,525.0
2025-10-01,09:19:35.000,258.5,75.0,258.2,258.8,225.0
2025-10-01,09:19:36.000,258.5,75.0,258.2,258.8,225.0
2025-10-01,09:19:37.000,257.32,300.0,256.95,257.7,450.0
2025-10-01,09:19:38.000,257.32,300.0,256.95,257.7,450.0
2025-10-01,09:19:39.000,257.55,75.0,257.25,257.85,300.0
2025-10-01,09:19:40.000,257.42,225.0,257.1,257.75,225.0
2025-10-01,09:19:41.000,257.42,225.0,257.1,257.75,225.0
2025-10-01,09:19:42.000,257.32,75.0,257.0,257.65,75.0
2025-10-01,09:19:43.000,257.32,75.0,257.0,257.65,75.0
2025-10-01,09:19:44.000,257.32,225.0,257.0,257.65,75.0
2025-10-01,09:19:45.000,256.65,150.0,256.35,256.95,675.0
2025-10-01,09:19:46.000,256.65,150.0,256.35,256.95,675.0
2025-10-01,09:19:47.000,257.45,225.0,257.1,257.8,300.0
2025-10-01,09:19:48.000,257.45,225.0,257.1,257.8,300.0
2025-10-01,09:19:49.000,258.62,225.0,258.3,258.95,225.0
2025-10-01,09:19:50.000,258.9,150.0,258.6,259.2,300.0
2025-10-01,09:19:51.000,258.9,150.0,258.6,259.2,300.0
2025-10-01,09:19:52.000,259.35,75.0,259.0,259.7,150.0
2025-10-01,09:19:53.000,259.35,75.0,259.0,259.7,150.0
2025-10-01,09:19:54.000,260.05,150.0,259.6,260.5,750.0
2025-10-01,09:19:55.000,259.62,375.0,259.3,259.95,225.0
2025-10-01,09:19:56.000,259.62,375.0,259.3,259.95,225.0
2025-10-01,09:19:57.000,260.45,225.0,260.1,260.8,75.0
2025-10-01,09:19:58.000,260.45,225.0,260.1,260.8,75.0
2025-10-01,09:19:59.000,261.1,75.0,260.7,261.5,300.0
2025-10-01,09:20:00.000,261.1,75.0,260.7,261.5,300.0
2025-10-01,09:20:01.000,262.1,225.0,261.8,262.4,75.0
2025-10-01,09:20:02.000,261.65,375.0,261.3,262.0,300.0
2025-10-01,09:20:03.000,261.65,375.0,261.3,262.0,300.0
2025-10-01,09:20:04.000,262.23,150.0,261.85,262.6,75.0
2025-10-01,09:20:05.000,262.23,150.0,261.85,262.6,75.0
2025-10-01,09:20:06.000,262.15,75.0,261.8,262.5,375.0
2025-10-01,09:20:07.000,262.85,225.0,262.5,263.2,75.0
2025-10-01,09:20:08.000,262.85,225.0,262.5,263.2,75.0
2025-10-01,09:20:09.000,262.58,150.0,262.25,262.9,150.0
2025-10-01,09:20:10.000,262.42,75.0,262.1,262.75,150.0
2025-10-01,09:20:11.000,262.42,75.0,262.1,262.75,150.0
2025-10-01,09:20:12.000,263.2,225.0,262.8,263.6,450.0
2025-10-01,09:20:13.000,263.2,225.0,262.8,263.6,450.0
2025-10-01,09:20:14.000,263.38,450.0,263.05,263.7,225.0
2025-10-01,09:20:15.000,263.88,150.0,263.75,264.0,225.0
2025-10-01,09:20:16.000,263.88,150.0,263.75,264.0,225.0
2025-10-01,09:20:17.000,263.88,150.0,263.5,264.25,150.0
2025-10-01,09:20:18.000,263.88,150.0,263.5,264.25,150.0
2025-10-01,09:20:19.000,264.02,75.0,263.7,264.35,225.0
2025-10-01,09:20:20.000,266.1,375.0,265.75,266.45,150.0
2025-10-01,09:20:21.000,266.1,375.0,265.75,266.45,150.0
2025-10-01,09:20:22.000,265.32,150.0,265.0,265.65,75.0
2025-10-01,09:20:23.000,265.32,150.0,265.0,265.65,75.0
2025-10-01,09:20:24.000,265.88,150.0,265.5,266.25,375.0
2025-10-01,09:20:25.000,266.65,525.0,266.3,267.0,1800.0
2025-10-01,09:20:26.000,266.65,525.0,266.3,267.0,1800.0
2025-10-01,09:20:27.000,266.02,450.0,265.65,266.4,75.0
2025-10-01,09:20:28.000,265.62,300.0,265.25,266.0,375.0
2025-10-01,09:20:29.000,265.62,300.0,265.25,266.0,375.0
2025-10-01,09:20:30.000,264.98,150.0,264.7,265.25,75.0
2025-10-01,09:20:31.000,264.98,150.0,264.7,265.25,75.0
2025-10-01,09:20:32.000,264.5,150.0,264.25,264.75,75.0
2025-10-01,09:20:33.000,263.35,225.0,262.95,263.75,300.0
2025-10-01,09:20:34.000,263.35,225.0,262.95,263.75,300.0
2025-10-01,09:20:35.000,263.7,75.0,263.4,264.0,300.0
2025-10-01,09:20:36.000,263.7,75.0,263.4,264.0,300.0
2025-10-01,09:20:37.000,264.08,150.0,263.8,264.35,75.0
2025-10-01,09:20:38.000,264.95,225.0,264.7,265.2,75.0
2025-10-01,09:20:39.000,264.95,225.0,264.7,265.2,75.0
2025-10-01,09:20:40.000,264.9,150.0,264.7,265.1,150.0
2025-10-01,09:20:41.000,263.42,150.0,263.1,263.75,300.0
2025-10-01,09:20:42.000,263.42,150.0,263.1,263.75,300.0
2025-10-01,09:20:43.000,262.52,225.0,262.25,262.8,225.0
2025-10-01,09:20:44.000,262.52,225.0,262.25,262.8,225.0
2025-10-01,09:20:45.000,263.48,75.0,263.2,263.75,225.0
2025-10-01,09:20:46.000,264.0,225.0,263.75,264.25,75.0
2025-10-01,09:20:47.000,264.0,225.0,263.75,264.25,75.0
2025-10-01,09:20:48.000,264.05,300.0,263.7,264.4,600.0
2025-10-01,09:20:49.000,264.05,300.0,263.7,264.4,600.0
2025-10-01,09:20:50.000,262.9,225.0,262.65,263.15,75.0
2025-10-01,09:20:51.000,263.4,225.0,263.05,263.75,450.0
2025-10-01,09:20:52.000,263.4,225.0,263.05,263.75,450.0
2025-10-01,09:20:53.000,263.15,375.0,262.8,263.5,375.0
2025-10-01,09:20:54.000,263.15,375.0,262.8,263.5,375.0
2025-10-01,09:20:55.000,261.65,150.0,261.3,262.0,75.0
2025-10-01,09:20:56.000,260.92,225.0,260.75,261.1,150.0
2025-10-01,09:20:57.000,260.92,225.0,260.75,261.1,150.0
2025-10-01,09:20:58.000,261.1,150.0,260.8,261.4,75.0
2025-10-01,09:20:59.000,261.1,150.0,260.8,261.4,75.0
2025-10-01,09:21:00.000,259.7,150.0,259.45,259.95,75.0
2025-10-01,09:21:01.000,260.7,450.0,260.3,261.1,150.0
2025-10-01,09:21:02.000,260.7,450.0,260.3,261.1,150.0
2025-10-01,09:21:03.000,261.27,150.0,260.9,261.65,150.0
2025-10-01,09:21:04.000,262.15,375.0,261.8,262.5,225.0
2025-10-01,09:21:05.000,262.15,375.0,261.8,262.5,225.0
2025-10-01,09:21:06.000,261.55,150.0,261.15,261.95,225.0
2025-10-01,09:21:07.000,261.55,150.0,261.15,261.95,225.0
2025-10-01,09:21:08.000,261.8,75.0,261.4,262.2,300.0
2025-10-01,09:21:09.000,261.38,150.0,261.0,261.75,300.0
2025-10-01,09:21:10.000,261.38,150.0,261.0,261.75,300.0
2025-10-01,09:21:11.000,260.92,300.0,260.6,261.25,75.0
2025-10-01,09:21:12.000,260.92,300.0,260.6,261.25,75.0
2025-10-01,09:21:13.000,261.08,150.0,260.75,261.4,75.0
2025-10-01,09:21:14.000,260.25,150.0,260.1,260.4,450.0
2025-10-01,09:21:15.000,260.25,150.0,260.1,260.4,450.0
2025-10-01,09:21:16.000,258.9,150.0,258.45,259.35,300.0
2025-10-01,09:21:17.000,258.9,150.0,258.45,259.35,300.0
2025-10-01,09:21:18.000,258.77,150.0,258.4,259.15,450.0
2025-10-01,09:21:19.000,259.65,375.0,259.3,260.0,75.0
2025-10-01,09:21:20.000,259.65,375.0,259.3,260.0,75.0
2025-10-01,09:21:21.000,259.32,150.0,258.95,259.7,225.0
2025-10-01,09:21:22.000,259.32,150.0,258.95,259.7,225.0
2025-10-01,09:21:23.000,260.88,150.0,260.55,261.2,150.0
2025-10-01,09:21:24.000,261.1,450.0,260.75,261.45,150.0
2025-10-01,09:21:25.000,261.1,450.0,260.75,261.45,150.0
2025-10-01,09:21:26.000,262.35,150.0,262.0,262.7,375.0
2025-10-01,09:21:27.000,262.35,150.0,262.0,262.7,375.0
2025-10-01,09:21:28.000,262.42,375.0,262.0,262.85,150.0
2025-10-01,09:21:29.000,263.15,150.0,262.8,263.5,300.0
2025-10-01,09:21:30.000,263.15,150.0,262.8,263.5,300.0
2025-10-01,09:21:31.000,262.35,150.0,262.0,262.7,150.0
2025-10-01,09:21:32.000,262.35,150.0,262.0,262.7,150.0
2025-10-01,09:21:33.000,262.15,150.0,261.9,262.4,75.0
2025-10-01,09:21:34.000,261.58,150.0,261.3,261.85,75.0
2025-10-01,09:21:35.000,261.58,150.0,261.3,261.85,75.0
2025-10-01,09:21:36.000,261.48,675.0,261.1,261.85,375.0
2025-10-01,09:21:37.000,261.48,675.0,261.1,261.85,375.0
2025-10-01,09:21:38.000,260.98,225.0,260.6,261.35,150.0
2025-10-01,09:21:39.000,259.92,300.0,259.65,260.2,75.0
2025-10-01,09:21:40.000,259.92,300.0,259.65,260.2,75.0
2025-10-01,09:21:41.000,260.95,150.0,260.55,261.35,375.0
2025-10-01,09:21:42.000,260.95,150.0,260.55,261.35,375.0
2025-10-01,09:21:43.000,260.3,225.0,259.9,260.7,375.0
2025-10-01,09:21:44.000,260.73,300.0,260.4,261.05,75.0
2025-10-01,09:21:45.000,260.73,300.0,260.4,261.05,75.0
2025-10-01,09:21:46.000,261.5,450.0,261.1,261.9,450.0
2025-10-01,09:21:47.000,261.5,450.0,261.1,261.9,450.0
2025-10-01,09:21:48.000,260.62,150.0,260.3,260.95,75.0
2025-10-01,09:21:49.000,260.6,375.0,260.25,260.95,75.0
2025-10-01,09:21:50.000,260.6,375.0,260.25,260.95,75.0
2025-10-01,09:21:51.000,260.42,75.0,260.15,260.7,75.0
2025-10-01,09:21:52.000,260.42,75.0,260.15,260.7,75.0
2025-10-01,09:21:53.000,260.73,150.0,260.45,261.0,150.0
2025-10-01,09:21:54.000,260.9,225.0,260.6,261.2,375.0
2025-10-01,09:21:55.000,260.9,225.0,260.6,261.2,375.0
2025-10-01,09:21:56.000,260.27,525.0,259.9,260.65,450.0
2025-10-01,09:21:57.000,260.27,525.0,259.9,260.65,450.0
2025-10-01,09:21:58.000,259.23,75.0,259.0,259.45,225.0
2025-10-01,09:21:59.000,259.25,150.0,258.95,259.55,75.0
2025-10-01,09:22:00.000,259.25,150.0,258.95,259.55,75.0
2025-10-01,09:22:01.000,258.4,150.0,258.05,258.75,375.0
2025-10-01,09:22:02.000,258.4,150.0,258.05,258.75,375.0
2025-10-01,09:22:03.000,259.05,300.0,258.7,259.4,225.0
2025-10-01,09:22:04.000,259.05,300.0,258.7,259.4,225.0
2025-10-01,09:22:05.000,257.95,450.0,257.5,258.4,600.0
2025-10-01,09:22:06.000,257.88,150.0,257.55,258.2,300.0
2025-10-01,09:22:07.000,257.88,150.0,257.55,258.2,300.0
2025-10-01,09:22:08.000,257.82,150.0,257.5,258.15,150.0
2025-10-01,09:22:09.000,258.0,525.0,257.65,258.35,150.0
2025-10-01,09:22:10.000,258.0,525.0,257.65,258.35,150.0
2025-10-01,09:22:11.000,258.75,525.0,258.4,259.1,300.0
2025-10-01,09:22:12.000,258.75,525.0,258.4,259.1,300.0
2025-10-01,09:22:13.000,258.17,150.0,257.9,258.45,75.0
2025-10-01,09:22:14.000,257.9,150.0,257.55,258.25,150.0
2025-10-01,09:22:15.000,257.9,150.0,257.55,258.25,150.0
2025-10-01,09:22:16.000,257.25,450.0,257.0,257.5,225.0
2025-10-01,09:22:17.000,257.25,450.0,257.0,257.5,225.0
2025-10-01,09:22:18.000,257.35,450.0,257.0,257.7,375.0
2025-10-01,09:22:19.000,257.2,300.0,256.85,257.55,225.0
2025-10-01,09:22:20.000,257.2,300.0,256.85,257.55,225.0
2025-10-01,09:22:21.000,257.02,375.0,256.7,257.35,225.0
2025-10-01,09:22:22.000,257.02,375.0,256.7,257.35,225.0
2025-10-01,09:22:23.000,257.0,300.0,256.65,257.35,225.0
2025-10-01,09:22:24.000,257.0,675.0,256.65,257.35,450.0
2025-10-01,09:22:25.000,257.0,675.0,256.65,257.35,450.0
2025-10-01,09:22:26.000,256.98,450.0,256.65,257.3,300.0
2025-10-01,09:22:27.000,256.98,450.0,256.65,257.3,300.0
2025-10-01,09:22:28.000,256.92,150.0,256.6,257.25,225.0
2025-10-01,09:22:29.000,257.25,375.0,256.95,257.55,300.0
2025-10-01,09:22:30.000,257.25,375.0,256.95,257.55,300.0
2025-10-01,09:22:31.000,257.52,150.0,257.2,257.85,450.0
2025-10-01,09:22:32.000,257.62,225.0,257.35,257.9,75.0
2025-10-01,09:22:33.000,257.62,225.0,257.35,257.9,75.0
2025-10-01,09:22:34.000,257.85,150.0,257.5,258.2,600.0
2025-10-01,09:22:35.000,257.85,150.0,257.5,258.2,600.0
2025-10-01,09:22:36.000,257.8,375.0,257.45,258.15,450.0
2025-10-01,09:22:37.000,257.18,375.0,256.85,257.5,600.0
2025-10-01,09:22:38.000,257.18,375.0,256.85,257.5,600.0
2025-10-01,09:22:39.000,257.88,75.0,257.55,258.2,375.0
2025-10-01,09:22:40.000,257.88,75.0,257.55,258.2,375.0
2025-10-01,09:22:41.000,257.75,75.0,257.45,258.05,225.0
2025-10-01,09:22:42.000,257.6,75.0,257.3,257.9,600.0
2025-10-01,09:22:43.000,257.6,75.0,257.3,257.9,600.0
2025-10-01,09:22:44.000,257.6,300.0,257.3,257.9,525.0
2025-10-01,09:22:45.000,257.6,300.0,257.3,257.9,525.0
2025-10-01,09:22:46.000,257.73,75.0,257.4,258.05,75.0
2025-10-01,09:22:47.000,257.02,375.0,256.7,257.35,225.0
2025-10-01,09:22:48.000,257.02,375.0,256.7,257.35,225.0
2025-10-01,09:22:49.000,257.2,525.0,256.9,257.5,75.0
2025-10-01,09:22:50.000,257.2,525.0,256.9,257.5,75.0
2025-10-01,09:22:51.000,257.27,225.0,256.95,257.6,75.0
2025-10-01,09:22:52.000,257.9,300.0,257.55,258.25,75.0
2025-10-01,09:22:53.000,257.9,300.0,257.55,258.25,75.0
2025-10-01,09:22:54.000,257.77,225.0,257.45,258.1,450.0
2025-10-01,09:22:55.000,257.77,225.0,257.45,258.1,450.0
2025-10-01,09:22:56.000,258.08,225.0,257.7,258.45,750.0
2025-10-01,09:22:57.000,259.08,225.0,258.75,259.4,75.0
2025-10-01,09:22:58.000,259.08,225.0,258.75,259.4,75.0
2025-10-01,09:22:59.000,258.85,75.0,258.55,259.15,225.0
2025-10-01,09:23:00.000,258.68,150.0,258.3,259.05,450.0
2025-10-01,09:23:01.000,258.68,150.0,258.3,259.05,450.0
2025-10-01,09:23:02.000,258.82,300.0,258.5,259.15,225.0
2025-10-01,09:23:03.000,258.82,300.0,258.5,259.15,225.0
2025-10-01,09:23:04.000,259.32,75.0,259.25,259.4,300.0
2025-10-01,09:23:05.000,259.52,75.0,259.2,259.85,375.0
2025-10-01,09:23:06.000,259.52,75.0,259.2,259.85,375.0
2025-10-01,09:23:07.000,258.32,150.0,258.0,258.65,225.0
2025-10-01,09:23:08.000,258.32,150.0,258.0,258.65,225.0
2025-10-01,09:23:09.000,258.35,150.0,258.0,258.7,225.0
2025-10-01,09:23:10.000,259.18,225.0,258.85,259.5,375.0
2025-10-01,09:23:11.000,259.18,225.0,258.85,259.5,375.0
2025-10-01,09:23:12.000,258.12,1050.0,257.75,258.5,450.0
2025-10-01,09:23:13.000,258.12,1050.0,257.75,258.5,450.0
2025-10-01,09:23:14.000,257.68,150.0,257.5,257.85,75.0
2025-10-01,09:23:15.000,257.38,150.0,257.05,257.7,225.0
2025-10-01,09:23:16.000,257.38,150.0,257.05,257.7,225.0
2025-10-01,09:23:17.000,256.0,150.0,255.65,256.35,450.0
2025-10-01,09:23:18.000,256.0,150.0,255.65,256.35,450.0
2025-10-01,09:23:19.000,256.25,375.0,255.95,256.55,450.0
2025-10-01,09:23:20.000,256.45,150.0,256.15,256.75,225.0
2025-10-01,09:23:21.000,256.45,150.0,256.15,256.75,225.0
2025-10-01,09:23:22.000,257.3,225.0,256.95,257.65,75.0
2025-10-01,09:23:23.000,257.3,225.0,256.95,257.65,75.0
2025-10-01,09:23:24.000,257.18,75.0,256.85,257.5,750.0
2025-10-01,09:23:25.000,257.62,450.0,257.3,257.95,300.0
2025-10-01,09:23:26.000,257.62,450.0,257.3,257.95,300.0
2025-10-01,09:23:27.000,258.08,150.0,257.8,258.35,75.0
2025-10-01,09:23:28.000,258.08,150.0,257.8,258.35,75.0
2025-10-01,09:23:29.000,257.85,225.0,257.65,258.05,75.0
2025-10-01,09:23:30.000,258.15,225.0,257.9,258.4,150.0
2025-10-01,09:23:31.000,258.15,225.0,257.9,258.4,150.0
2025-10-01,09:23:32.000,257.2,375.0,256.9,257.5,300.0
2025-10-01,09:23:33.000,257.23,150.0,256.95,257.5,225.0
2025-10-01,09:23:34.000,257.23,150.0,256.95,257.5,225.0
2025-10-01,09:23:35.000,257.48,150.0,257.35,257.6,525.0
2025-10-01,09:23:36.000,257.48,150.0,257.35,257.6,525.0
2025-10-01,09:23:37.000,257.65,225.0,257.35,257.95,450.0
2025-10-01,09:23:38.000,258.55,150.0,258.4,258.7,75.0
2025-10-01,09:23:39.000,258.55,150.0,258.4,258.7,75.0
2025-10-01,09:23:40.000,258.15,450.0,257.8,258.5,300.0
2025-10-01,09:23:41.000,258.15,450.0,257.8,258.5,300.0
2025-10-01,09:23:42.000,257.5,75.0,257.15,257.85,525.0
2025-10-01,09:23:43.000,257.5,75.0,257.3,257.7,375.0
2025-10-01,09:23:44.000,257.5,75.0,257.3,257.7,375.0
2025-10-01,09:23:45.000,257.58,75.0,257.4,257.75,150.0
2025-10-01,09:23:46.000,257.58,75.0,257.4,257.75,150.0
2025-10-01,09:23:47.000,257.73,75.0,257.55,257.9,75.0
2025-10-01,09:23:48.000,257.73,75.0,257.5,257.95,375.0
2025-10-01,09:23:49.000,257.73,75.0,257.5,257.95,375.0
2025-10-01,09:23:50.000,257.45,150.0,257.2,257.7,525.0
2025-10-01,09:23:51.000,257.45,150.0,257.2,257.7,525.0
2025-10-01,09:23:52.000,256.52,75.0,256.35,256.7,375.0
2025-10-01,09:23:53.000,256.3,75.0,256.1,256.5,450.0
2025-10-01,09:23:54.000,256.3,75.0,256.1,256.5,450.0
2025-10-01,09:23:55.000,255.12,225.0,255.05,255.2,75.0
2025-10-01,09:23:56.000,255.12,225.0,255.05,255.2,75.0
2025-10-01,09:23:57.000,255.52,375.0,255.25,255.8,75.0
2025-10-01,09:23:58.000,255.38,300.0,255.05,255.7,600.0
2025-10-01,09:23:59.000,255.38,300.0,255.05,255.7,600.0
2025-10-01,09:24:00.000,254.52,525.0,254.25,254.8,150.0
2025-10-01,09:24:01.000,254.98,525.0,254.65,255.3,150.0
2025-10-01,09:24:02.000,254.98,525.0,254.65,255.3,150.0
2025-10-01,09:24:03.000,254.85,300.0,254.5,255.2,150.0
2025-10-01,09:24:04.000,254.85,300.0,254.5,255.2,150.0
2025-10-01,09:24:05.000,255.48,225.0,255.1,255.85,75.0
2025-10-01,09:24:06.000,254.45,75.0,254.25,254.65,600.0
2025-10-01,09:24:07.000,254.45,75.0,254.25,254.65,600.0
2025-10-01,09:24:08.000,254.7,450.0,254.3,255.1,150.0
2025-10-01,09:24:09.000,254.7,450.0,254.3,255.1,150.0
2025-10-01,09:24:10.000,254.8,525.0,254.45,255.15,450.0
2025-10-01,09:24:11.000,255.3,150.0,254.95,255.65,75.0
2025-10-01,09:24:12.000,255.3,150.0,254.95,255.65,75.0
2025-10-01,09:24:13.000,254.78,150.0,254.55,255.0,150.0
2025-10-01,09:24:14.000,254.78,150.0,254.55,255.0,150.0
2025-10-01,09:24:15.000,254.8,150.0,254.55,255.05,150.0
2025-10-01,09:24:16.000,254.75,75.0,254.35,255.15,375.0
2025-10-01,09:24:17.000,254.75,75.0,254.35,255.15,375.0
2025-10-01,09:24:18.000,254.48,150.0,254.15,254.8,75.0
2025-10-01,09:24:19.000,254.48,150.0,254.15,254.8,75.0
2025-10-01,09:24:20.000,253.32,900.0,253.1,253.55,150.0
2025-10-01,09:24:21.000,253.65,150.0,253.45,253.85,150.0
2025-10-01,09:24:22.000,253.65,150.0,253.45,253.85,150.0
2025-10-01,09:24:23.000,254.18,225.0,253.85,254.5,225.0
2025-10-01,09:24:24.000,254.18,225.0,253.85,254.5,225.0
2025-10-01,09:24:25.000,254.08,525.0,253.75,254.4,75.0
2025-10-01,09:24:26.000,254.08,525.0,253.75,254.4,75.0
2025-10-01,09:24:27.000,253.8,225.0,253.5,254.1,300.0
2025-10-01,09:24:28.000,253.65,900.0,253.3,254.0,675.0
2025-10-01,09:24:29.000,253.65,900.0,253.3,254.0,675.0
2025-10-01,09:24:30.000,253.6,600.0,253.3,253.9,300.0
2025-10-01,09:24:31.000,253.6,600.0,253.3,253.9,300.0
2025-10-01,09:24:32.000,254.65,225.0,254.35,254.95,225.0
2025-10-01,09:24:33.000,254.98,375.0,254.55,255.4,600.0
2025-10-01,09:24:34.000,254.98,375.0,254.55,255.4,600.0
2025-10-01,09:24:35.000,255.22,150.0,254.85,255.6,75.0
2025-10-01,09:24:36.000,255.22,150.0,254.85,255.6,75.0
2025-10-01,09:24:37.000,255.8,375.0,255.45,256.15,375.0
2025-10-01,09:24:38.000,256.15,375.0,255.8,256.5,300.0
2025-10-01,09:24:39.000,256.15,375.0,255.8,256.5,300.0
2025-10-01,09:24:40.000,256.27,300.0,255.9,256.65,75.0
2025-10-01,09:24:41.000,256.27,300.0,255.9,256.65,75.0
2025-10-01,09:24:42.000,256.7,375.0,256.35,257.05,75.0
2025-10-01,09:24:43.000,255.45,150.0,255.15,255.75,225.0
2025-10-01,09:24:44.000,255.45,150.0,255.15,255.75,225.0
2025-10-01,09:24:45.000,255.05,75.0,254.9,255.2,75.0
2025-10-01,09:24:46.000,255.05,600.0,254.65,255.45,450.0
2025-10-01,09:24:47.000,255.05,600.0,254.65,255.45,450.0
2025-10-01,09:24:48.000,255.28,375.0,254.9,255.65,75.0
2025-10-01,09:24:49.000,255.28,375.0,254.9,255.65,75.0
2025-10-01,09:24:50.000,254.1,75.0,253.85,254.35,75.0
2025-10-01,09:24:51.000,254.2,75.0,254.0,254.4,450.0
2025-10-01,09:24:52.000,254.2,75.0,254.0,254.4,450.0
2025-10-01,09:24:53.000,253.38,525.0,253.0,253.75,450.0
2025-10-01,09:24:54.000,253.38,525.0,253.0,253.75,450.0
2025-10-01,09:24:55.000,252.73,75.0,252.4,253.05,525.0
2025-10-01,09:24:56.000,252.73,75.0,252.4,253.05,525.0
2025-10-01,09:24:57.000,252.73,75.0,252.4,253.05,525.0
2025-10-01,09:24:58.000,253.12,75.0,252.85,253.4,150.0
2025-10-01,09:24:59.000,253.12,75.0,252.85,253.4,150.0
2025-10-01,09:25:00.000,252.18,150.0,252.0,252.35,150.0
2025-10-01,09:25:01.000,252.38,675.0,252.05,252.7,300.0
2025-10-01,09:25:02.000,252.38,675.0,252.05,252.7,300.0
2025-10-01,09:25:03.000,252.15,150.0,251.85,252.45,375.0
2025-10-01,09:25:04.000,252.15,150.0,251.85,252.45,375.0
2025-10-01,09:25:05.000,251.8,150.0,251.5,252.1,75.0
2025-10-01,09:25:06.000,252.28,300.0,252.05,252.5,150.0
2025-10-01,09:25:07.000,252.28,300.0,252.05,252.5,150.0
2025-10-01,09:25:08.000,253.62,75.0,253.3,253.95,375.0
2025-10-01,09:25:09.000,253.62,75.0,253.3,253.95,375.0
2025-10-01,09:25:10.000,252.45,375.0,252.15,252.75,450.0
2025-10-01,09:25:11.000,252.23,225.0,251.9,252.55,300.0
2025-10-01,09:25:12.000,252.23,225.0,251.9,252.55,300.0
2025-10-01,09:25:13.000,251.72,150.0,251.5,251.95,150.0
2025-10-01,09:25:14.000,251.72,150.0,251.5,251.95,150.0
2025-10-01,09:25:15.000,251.3,750.0,251.05,251.55,150.0
2025-10-01,09:25:16.000,250.62,75.0,250.3,250.95,300.0
2025-10-01,09:25:17.000,250.62,75.0,250.3,250.95,300.0
2025-10-01,09:25:18.000,250.92,450.0,250.6,251.25,825.0
2025-10-01,09:25:19.000,250.92,450.0,250.6,251.25,825.0
2025-10-01,09:25:20.000,250.95,675.0,250.7,251.2,150.0
2025-10-01,09:25:21.000,251.1,975.0,250.85,251.35,150.0
2025-10-01,09:25:22.000,251.1,975.0,250.85,251.35,150.0
2025-10-01,09:25:23.000,251.65,150.0,251.35,251.95,375.0
2025-10-01,09:25:24.000,251.05,150.0,250.7,251.4,825.0
2025-10-01,09:25:25.000,251.05,150.0,250.7,251.4,825.0
2025-10-01,09:25:26.000,251.72,300.0,251.45,252.0,150.0
2025-10-01,09:25:27.000,251.72,300.0,251.45,252.0,150.0
2025-10-01,09:25:28.000,251.82,750.0,251.55,252.1,150.0
2025-10-01,09:25:29.000,251.58,150.0,251.3,251.85,300.0
2025-10-01,09:25:30.000,251.58,150.0,251.3,251.85,300.0
2025-10-01,09:25:31.000,252.52,300.0,252.2,252.85,375.0
2025-10-01,09:25:32.000,252.52,300.0,252.2,252.85,375.0
2025-10-01,09:25:33.000,252.1,675.0,251.9,252.3,225.0
2025-10-01,09:25:34.000,251.85,150.0,251.55,252.15,750.0
2025-10-01,09:25:35.000,251.85,150.0,251.55,252.15,750.0
2025-10-01,09:25:36.000,251.78,75.0,251.75,251.8,750.0
2025-10-01,09:25:37.000,251.78,75.0,251.75,251.8,750.0
2025-10-01,09:25:38.000,251.85,300.0,251.55,252.15,750.0
2025-10-01,09:25:39.000,250.62,375.0,250.3,250.95,600.0
2025-10-01,09:25:40.000,250.62,375.0,250.3,250.95,600.0
2025-10-01,09:25:41.000,250.18,375.0,249.85,250.5,450.0
2025-10-01,09:25:42.000,250.18,375.0,249.85,250.5,450.0
2025-10-01,09:25:43.000,250.35,525.0,250.1,250.6,150.0
2025-10-01,09:25:44.000,251.0,75.0,250.75,251.25,150.0
2025-10-01,09:25:45.000,251.0,75.0,250.75,251.25,150.0
2025-10-01,09:25:46.000,251.3,75.0,251.1,251.5,675.0
2025-10-01,09:25:47.000,251.3,75.0,251.1,251.5,675.0
2025-10-01,09:25:48.000,250.82,150.0,250.55,251.1,150.0
2025-10-01,09:25:49.000,250.48,300.0,250.25,250.7,150.0
2025-10-01,09:25:50.000,250.48,300.0,250.25,250.7,150.0
2025-10-01,09:25:51.000,250.58,75.0,250.35,250.8,450.0
2025-10-01,09:25:52.000,250.58,75.0,250.35,250.8,450.0
2025-10-01,09:25:53.000,251.1,375.0,250.85,251.35,375.0
2025-10-01,09:25:54.000,250.95,300.0,250.7,251.2,150.0
2025-10-01,09:25:55.000,250.95,300.0,250.7,251.2,150.0
2025-10-01,09:25:56.000,251.18,375.0,250.9,251.45,375.0
2025-10-01,09:25:57.000,251.18,375.0,250.9,251.45,375.0
2025-10-01,09:25:58.000,251.68,75.0,251.4,251.95,300.0
2025-10-01,09:25:59.000,252.5,75.0,252.25,252.75,150.0
2025-10-01,09:26:00.000,252.5,75.0,252.25,252.75,150.0
2025-10-01,09:26:01.000,252.3,300.0,252.0,252.6,600.0
2025-10-01,09:26:02.000,252.3,300.0,252.0,252.6,600.0
2025-10-01,09:26:03.000,252.4,300.0,252.1,252.7,900.0
2025-10-01,09:26:04.000,252.32,750.0,252.05,252.6,150.0
2025-10-01,09:26:05.000,252.32,750.0,252.05,252.6,150.0
2025-10-01,09:26:06.000,253.3,225.0,253.05,253.55,150.0
2025-10-01,09:26:07.000,253.3,225.0,253.05,253.55,150.0
2025-10-01,09:26:08.000,253.6,300.0,253.3,253.9,150.0
2025-10-01,09:26:09.000,253.42,75.0,253.15,253.7,525.0
2025-10-01,09:26:10.000,253.42,75.0,253.15,253.7,525.0
2025-10-01,09:26:11.000,253.9,300.0,253.55,254.25,600.0
2025-10-01,09:26:12.000,253.9,300.0,253.55,254.25,600.0
2025-10-01,09:26:13.000,254.32,375.0,254.0,254.65,300.0
2025-10-01,09:26:14.000,255.15,375.0,254.85,255.45,525.0
2025-10-01,09:26:15.000,255.15,375.0,254.85,255.45,525.0
2025-10-01,09:26:16.000,255.58,300.0,255.25,255.9,150.0
2025-10-01,09:26:17.000,255.58,300.0,255.25,255.9,150.0
2025-10-01,09:26:18.000,255.5,75.0,255.15,255.85,300.0
2025-10-01,09:26:19.000,254.2,75.0,253.9,254.5,450.0
2025-10-01,09:26:20.000,254.2,75.0,253.9,254.5,450.0
2025-10-01,09:26:21.000,253.12,75.0,252.85,253.4,300.0
2025-10-01,09:26:22.000,253.12,75.0,252.85,253.4,300.0
2025-10-01,09:26:23.000,253.08,150.0,252.75,253.4,75.0
2025-10-01,09:26:24.000,253.4,75.0,253.1,253.7,450.0
2025-10-01,09:26:25.000,253.4,75.0,253.1,253.7,450.0
2025-10-01,09:26:26.000,252.52,225.0,252.3,252.75,150.0
2025-10-01,09:26:27.000,252.52,225.0,252.3,252.75,150.0
2025-10-01,09:26:28.000,252.42,300.0,252.15,252.7,75.0
2025-10-01,09:26:29.000,253.1,150.0,252.8,253.4,300.0
2025-10-01,09:26:30.000,253.1,150.0,252.8,253.4,300.0
2025-10-01,09:26:31.000,252.95,75.0,252.65,253.25,150.0
2025-10-01,09:26:32.000,252.95,75.0,252.65,253.25,150.0
2025-10-01,09:26:33.000,252.42,600.0,252.1,252.75,150.0
2025-10-01,09:26:34.000,253.18,300.0,252.85,253.5,450.0
2025-10-01,09:26:35.000,253.18,300.0,252.85,253.5,450.0
2025-10-01,09:26:36.000,253.02,300.0,252.7,253.35,300.0
2025-10-01,09:26:37.000,253.02,300.0,252.7,253.35,300.0
2025-10-01,09:26:38.000,252.6,75.0,252.3,252.9,450.0
2025-10-01,09:26:39.000,252.6,75.0,252.3,252.9,450.0
2025-10-01,09:26:40.000,252.88,300.0,252.6,253.15,75.0
2025-10-01,09:26:41.000,252.25,375.0,252.0,252.5,300.0
2025-10-01,09:26:42.000,252.25,375.0,252.0,252.5,300.0
2025-10-01,09:26:43.000,251.0,225.0,250.8,251.2,75.0
2025-10-01,09:26:44.000,251.22,2250.0,250.95,251.5,75.0
2025-10-01,09:26:45.000,251.22,2250.0,250.95,251.5,75.0
2025-10-01,09:26:46.000,251.72,300.0,251.45,252.0,150.0
2025-10-01,09:26:47.000,251.72,300.0,251.45,252.0,150.0
2025-10-01,09:26:48.000,251.98,75.0,251.7,252.25,600.0
2025-10-01,09:26:49.000,251.65,150.0,251.4,251.9,150.0
2025-10-01,09:26:50.000,251.65,150.0,251.4,251.9,150.0
2025-10-01,09:26:51.000,250.8,75.0,250.65,250.95,300.0
2025-10-01,09:26:52.000,250.8,75.0,250.65,250.95,300.0
2025-10-01,09:26:53.000,251.5,75.0,251.3,251.7,525.0
2025-10-01,09:26:54.000,251.25,75.0,251.05,251.45,750.0
2025-10-01,09:26:55.000,251.25,75.0,251.05,251.45,750.0
2025-10-01,09:26:56.000,250.98,375.0,250.7,251.25,450.0
2025-10-01,09:26:57.000,250.98,375.0,250.7,251.25,450.0
2025-10-01,09:26:58.000,251.28,75.0,251.05,251.5,300.0
2025-10-01,09:26:59.000,250.98,225.0,250.75,251.2,150.0
2025-10-01,09:27:00.000,250.98,225.0,250.75,251.2,150.0
2025-10-01,09:27:01.000,250.75,75.0,250.5,251.0,300.0
2025-10-01,09:27:02.000,250.75,75.0,250.5,251.0,300.0
2025-10-01,09:27:03.000,250.82,75.0,250.65,251.0,300.0
2025-10-01,09:27:04.000,251.18,300.0,250.95,251.4,300.0
2025-10-01,09:27:05.000,251.18,300.0,250.95,251.4,300.0
2025-10-01,09:27:06.000,251.75,300.0,251.5,252.0,300.0
2025-10-01,09:27:07.000,251.75,300.0,251.5,252.0,300.0
2025-10-01,09:27:08.000,251.35,525.0,251.05,251.65,300.0
2025-10-01,09:27:09.000,251.1,150.0,250.85,251.35,300.0
2025-10-01,09:27:10.000,251.1,150.0,250.85,251.35,300.0
2025-10-01,09:27:11.000,250.92,75.0,250.65,251.2,900.0
2025-10-01,09:27:12.000,250.92,75.0,250.65,251.2,900.0
2025-10-01,09:27:13.000,250.72,75.0,250.45,251.0,525.0
2025-10-01,09:27:14.000,251.2,75.0,250.85,251.55,600.0
2025-10-01,09:27:15.000,251.2,75.0,250.85,251.55,600.0
2025-10-01,09:27:16.000,250.92,225.0,250.65,251.2,450.0
2025-10-01,09:27:17.000,250.92,225.0,250.65,251.2,450.0
2025-10-01,09:27:18.000,250.75,675.0,250.5,251.0,150.0
2025-10-01,09:27:19.000,251.65,75.0,251.45,251.85,300.0
2025-10-01,09:27:20.000,251.65,75.0,251.45,251.85,300.0
2025-10-01,09:27:21.000,251.38,75.0,251.1,251.65,450.0
2025-10-01,09:27:22.000,251.38,75.0,251.1,251.65,450.0
2025-10-01,09:27:23.000,251.75,75.0,251.5,252.0,450.0
2025-10-01,09:27:24.000,251.92,75.0,251.65,252.2,150.0
2025-10-01,09:27:25.000,251.92,75.0,251.65,252.2,150.0
2025-10-01,09:27:26.000,252.35,825.0,252.0,252.7,450.0
2025-10-01,09:27:27.000,252.35,825.0,252.0,252.7,450.0
2025-10-01,09:27:28.000,251.45,75.0,251.25,251.65,525.0
2025-10-01,09:27:29.000,251.22,75.0,251.0,251.45,450.0
2025-10-01,09:27:30.000,251.22,75.0,251.0,251.45,450.0
2025-10-01,09:27:31.000,249.38,525.0,249.0,249.75,300.0
2025-10-01,09:27:32.000,249.38,525.0,249.0,249.75,300.0
2025-10-01,09:27:33.000,249.95,75.0,249.7,250.2,375.0
2025-10-01,09:27:34.000,249.85,375.0,249.55,250.15,300.0
2025-10-01,09:27:35.000,249.85,375.0,249.55,250.15,300.0
2025-10-01,09:27:36.000,249.85,300.0,249.55,250.15,300.0
2025-10-01,09:27:37.000,249.85,300.0,249.55,250.15,300.0
2025-10-01,09:27:38.000,250.15,75.0,249.85,250.45,300.0
2025-10-01,09:27:39.000,250.38,225.0,250.05,250.7,600.0
2025-10-01,09:27:40.000,250.38,225.0,250.05,250.7,600.0
2025-10-01,09:27:41.000,251.05,75.0,250.65,251.45,300.0
2025-10-01,09:27:42.000,251.05,75.0,250.65,251.45,300.0
2025-10-01,09:27:43.000,251.15,525.0,250.85,251.45,300.0
2025-10-01,09:27:44.000,250.7,75.0,250.4,251.0,225.0
2025-10-01,09:27:45.000,250.7,75.0,250.4,251.0,225.0
2025-10-01,09:27:46.000,250.7,150.0,250.4,251.0,750.0
2025-10-01,09:27:47.000,250.7,150.0,250.4,251.0,750.0
2025-10-01,09:27:48.000,250.48,75.0,250.25,250.7,375.0
2025-10-01,09:27:49.000,250.28,75.0,250.25,250.3,75.0
2025-10-01,09:27:50.000,250.28,75.0,250.25,250.3,75.0
2025-10-01,09:27:51.000,250.4,75.0,250.25,250.55,525.0
2025-10-01,09:27:52.000,250.45,150.0,250.2,250.7,525.0
2025-10-01,09:27:53.000,250.45,150.0,250.2,250.7,525.0
2025-10-01,09:27:54.000,250.6,1050.0,250.25,250.95,525.0
2025-10-01,09:27:55.000,250.6,1050.0,250.25,250.95,525.0
2025-10-01,09:27:56.000,250.62,75.0,250.35,250.9,375.0
2025-10-01,09:27:57.000,251.02,225.0,250.7,251.35,750.0
2025-10-01,09:27:58.000,251.02,225.0,250.7,251.35,750.0
2025-10-01,09:27:59.000,250.85,150.0,250.55,251.15,300.0
2025-10-01,09:28:00.000,250.85,150.0,250.55,251.15,300.0
2025-10-01,09:28:01.000,249.9,150.0,249.65,250.15,600.0
2025-10-01,09:28:02.000,249.68,75.0,249.45,249.9,150.0
2025-10-01,09:28:03.000,249.68,75.0,249.45,249.9,150.0
2025-10-01,09:28:04.000,249.58,75.0,249.35,249.8,225.0
2025-10-01,09:28:05.000,249.58,75.0,249.35,249.8,225.0
2025-10-01,09:28:06.000,249.75,75.0,249.55,249.95,225.0
2025-10-01,09:28:07.000,249.0,75.0,248.75,249.25,225.0
2025-10-01,09:28:08.000,249.0,75.0,248.75,249.25,225.0
2025-10-01,09:28:09.000,249.38,75.0,249.1,249.65,450.0
2025-10-01,09:28:10.000,249.38,75.0,249.1,249.65,450.0
2025-10-01,09:28:11.000,249.15,75.0,248.85,249.45,525.0
2025-10-01,09:28:12.000,248.95,75.0,248.65,249.25,225.0
2025-10-01,09:28:13.000,248.95,75.0,248.65,249.25,225.0
2025-10-01,09:28:14.000,249.0,75.0,248.7,249.3,75.0
2025-10-01,09:28:15.000,249.0,75.0,248.7,249.3,75.0
2025-10-01,09:28:16.000,249.82,900.0,249.5,250.15,225.0
2025-10-01,09:28:17.000,249.18,75.0,248.85,249.5,150.0
2025-10-01,09:28:18.000,249.18,75.0,248.85,249.5,150.0
2025-10-01,09:28:19.000,249.92,75.0,249.65,250.2,225.0
2025-10-01,09:28:20.000,249.92,75.0,249.65,250.2,225.0
2025-10-01,09:28:21.000,250.2,75.0,249.95,250.45,225.0
2025-10-01,09:28:22.000,249.65,75.0,249.35,249.95,525.0
2025-10-01,09:28:23.000,249.65,75.0,249.35,249.95,525.0
2025-10-01,09:28:24.000,249.05,75.0,248.8,249.3,75.0
2025-10-01,09:28:25.000,249.05,75.0,248.8,249.3,75.0
2025-10-01,09:28:26.000,248.75,750.0,248.55,248.95,300.0
2025-10-01,09:28:27.000,248.48,75.0,248.2,248.75,300.0
2025-10-01,09:28:28.000,248.48,75.0,248.2,248.75,300.0
2025-10-01,09:28:29.000,248.52,300.0,248.15,248.9,75.0
2025-10-01,09:28:30.000,248.52,300.0,248.15,248.9,75.0
2025-10-01,09:28:31.000,247.7,150.0,247.4,248.0,225.0
2025-10-01,09:28:32.000,248.12,75.0,247.8,248.45,300.0
2025-10-01,09:28:33.000,248.12,75.0,247.8,248.45,300.0
2025-10-01,09:28:34.000,248.0,75.0,247.7,248.3,300.0
2025-10-01,09:28:35.000,248.0,75.0,247.7,248.3,300.0
2025-10-01,09:28:36.000,247.62,225.0,247.3,247.95,375.0
2025-10-01,09:28:37.000,247.48,375.0,247.2,247.75,300.0
2025-10-01,09:28:38.000,247.48,375.0,247.2,247.75,300.0
2025-10-01,09:28:39.000,247.85,75.0,247.55,248.15,75.0
2025-10-01,09:28:40.000,247.85,75.0,247.55,248.15,75.0
2025-10-01,09:28:41.000,247.82,75.0,247.55,248.1,150.0
2025-10-01,09:28:42.000,248.15,225.0,247.9,248.4,225.0
2025-10-01,09:28:43.000,248.15,225.0,247.9,248.4,225.0
2025-10-01,09:28:44.000,247.77,75.0,247.45,248.1,150.0
2025-10-01,09:28:45.000,247.77,75.0,247.45,248.1,150.0
2025-10-01,09:28:46.000,247.75,75.0,247.5,248.0,150.0
2025-10-01,09:28:47.000,247.48,75.0,247.25,247.7,150.0
2025-10-01,09:28:48.000,247.48,75.0,247.25,247.7,150.0
2025-10-01,09:28:49.000,247.92,75.0,247.65,248.2,150.0
2025-10-01,09:28:50.000,247.92,75.0,247.65,248.2,150.0
2025-10-01,09:28:51.000,247.98,150.0,247.7,248.25,300.0
2025-10-01,09:28:52.000,248.52,150.0,248.2,248.85,675.0
2025-10-01,09:28:53.000,248.52,150.0,248.2,248.85,675.0
2025-10-01,09:28:54.000,248.35,75.0,248.25,248.45,375.0
2025-10-01,09:28:55.000,248.35,75.0,248.25,248.45,375.0
2025-10-01,09:28:56.000,248.0,225.0,247.65,248.35,75.0
2025-10-01,09:28:57.000,248.42,225.0,248.1,248.75,375.0
2025-10-01,09:28:58.000,248.42,225.0,248.1,248.75,375.0
2025-10-01,09:28:59.000,248.18,75.0,247.9,248.45,300.0
2025-10-01,09:29:00.000,248.18,75.0,247.9,248.45,300.0
2025-10-01,09:29:01.000,248.3,75.0,247.9,248.7,150.0
2025-10-01,09:29:02.000,248.73,75.0,248.4,249.05,300.0
2025-10-01,09:29:03.000,248.73,75.0,248.4,249.05,300.0
2025-10-01,09:29:04.000,248.42,225.0,248.15,248.7,150.0
2025-10-01,09:29:05.000,248.42,225.0,248.15,248.7,150.0
2025-10-01,09:29:06.000,248.35,150.0,248.15,248.55,150.0
2025-10-01,09:29:07.000,248.6,75.0,248.3,248.9,150.0
2025-10-01,09:29:08.000,248.6,75.0,248.3,248.9,150.0
2025-10-01,09:29:09.000,248.08,225.0,247.75,248.4,150.0
2025-10-01,09:29:10.000,248.08,225.0,247.75,248.4,150.0
2025-10-01,09:29:11.000,248.75,75.0,248.45,249.05,150.0
2025-10-01,09:29:12.000,248.15,225.0,247.85,248.45,300.0
2025-10-01,09:29:13.000,248.15,225.0,247.85,248.45,300.0
2025-10-01,09:29:14.000,248.02,75.0,247.75,248.3,300.0
2025-10-01,09:29:15.000,248.02,75.0,247.75,248.3,300.0
2025-10-01,09:29:16.000,248.25,75.0,248.0,248.5,975.0
2025-10-01,09:29:17.000,248.85,525.0,248.45,249.25,600.0
2025-10-01,09:29:18.000,248.85,525.0,248.45,249.25,600.0
2025-10-01,09:29:19.000,248.45,75.0,248.15,248.75,225.0
2025-10-01,09:29:20.000,248.45,75.0,248.15,248.75,225.0
2025-10-01,09:29:21.000,248.35,675.0,248.0,248.7,375.0
2025-10-01,09:29:22.000,246.78,75.0,246.55,247.0,225.0
2025-10-01,09:29:23.000,246.78,75.0,246.55,247.0,225.0
2025-10-01,09:29:24.000,247.15,75.0,246.85,247.45,300.0
2025-10-01,09:29:25.000,247.15,75.0,246.85,247.45,300.0
2025-10-01,09:29:26.000,246.7,75.0,246.5,246.9,75.0
2025-10-01,09:29:27.000,246.78,75.0,246.4,247.15,75.0
2025-10-01,09:29:28.000,246.78,75.0,246.4,247.15,75.0
2025-10-01,09:29:29.000,246.75,75.0,246.5,247.0,225.0
2025-10-01,09:29:30.000,246.75,75.0,246.5,247.0,225.0
2025-10-01,09:29:31.000,246.42,150.0,246.15,246.7,300.0
2025-10-01,09:29:32.000,246.6,525.0,246.3,246.9,600.0
2025-10-01,09:29:33.000,246.6,525.0,246.3,246.9,600.0
2025-10-01,09:29:34.000,246.5,525.0,246.2,246.8,225.0
2025-10-01,09:29:35.000,246.5,525.0,246.2,246.8,225.0
2025-10-01,09:29:36.000,246.4,75.0,246.1,246.7,225.0
2025-10-01,09:29:37.000,246.35,375.0,246.1,246.6,75.0
2025-10-01,09:29:38.000,246.35,375.0,246.1,246.6,75.0
2025-10-01,09:29:39.000,245.65,75.0,245.35,245.95,150.0
2025-10-01,09:29:40.000,245.65,75.0,245.35,245.95,150.0
2025-10-01,09:29:41.000,244.75,300.0,244.5,245.0,75.0
2025-10-01,09:29:42.000,245.95,150.0,245.75,246.15,75.0
2025-10-01,09:29:43.000,245.95,150.0,245.75,246.15,75.0
2025-10-01,09:29:44.000,245.75,75.0,245.5,246.0,675.0
2025-10-01,09:29:45.000,245.75,75.0,245.5,246.0,675.0
2025-10-01,09:29:46.000,245.82,150.0,245.7,245.95,75.0
2025-10-01,09:29:47.000,245.68,750.0,245.45,245.9,150.0
2025-10-01,09:29:48.000,245.68,750.0,245.45,245.9,150.0
2025-10-01,09:29:49.000,246.12,225.0,245.8,246.45,75.0
2025-10-01,09:29:50.000,246.12,225.0,245.8,246.45,75.0
2025-10-01,09:29:51.000,246.7,150.0,246.55,246.85,150.0
2025-10-01,09:29:52.000,246.15,150.0,245.95,246.35,150.0
2025-10-01,09:29:53.000,246.15,150.0,245.95,246.35,150.0
2025-10-01,09:29:54.000,245.15,525.0,244.85,245.45,225.0
2025-10-01,09:29:55.000,245.15,525.0,244.85,245.45,225.0
2025-10-01,09:29:56.000,245.25,150.0,245.0,245.5,225.0
2025-10-01,09:29:57.000,244.75,600.0,244.45,245.05,225.0
2025-10-01,09:29:58.000,244.75,600.0,244.45,245.05,225.0
2025-10-01,09:29:59.000,245.08,300.0,244.75,245.4,375.0
2025-10-01,09:30:00.000,245.08,300.0,244.75,245.4,375.0
2025-10-01,09:30:01.000,245.68,75.0,245.35,246.0,150.0
2025-10-01,09:30:02.000,244.68,525.0,244.35,245.0,525.0
2025-10-01,09:30:03.000,244.68,525.0,244.35,245.0,525.0
2025-10-01,09:30:04.000,244.92,150.0,244.85,245.0,150.0
2025-10-01,09:30:05.000,244.92,150.0,244.85,245.0,150.0
2025-10-01,09:30:06.000,244.82,150.0,244.65,245.0,675.0
2025-10-01,09:30:07.000,244.18,75.0,243.85,244.5,225.0
2025-10-01,09:30:08.000,244.18,75.0,243.85,244.5,225.0
2025-10-01,09:30:09.000,244.35,600.0,244.0,244.7,525.0
2025-10-01,09:30:10.000,244.35,600.0,244.0,244.7,525.0
2025-10-01,09:30:11.000,243.68,1050.0,243.4,243.95,75.0
2025-10-01,09:30:12.000,244.2,75.0,243.9,244.5,225.0
2025-10-01,09:30:13.000,244.2,75.0,243.9,244.5,225.0
2025-10-01,09:30:14.000,243.92,225.0,243.65,244.2,300.0
2025-10-01,09:30:15.000,243.92,225.0,243.65,244.2,300.0
2025-10-01,09:30:16.000,242.73,225.0,242.55,242.9,75.0
2025-10-01,09:30:17.000,242.42,225.0,242.15,242.7,225.0
2025-10-01,09:30:18.000,242.42,225.0,242.15,242.7,225.0
2025-10-01,09:30:19.000,242.62,75.0,242.35,242.9,375.0
2025-10-01,09:30:20.000,242.62,75.0,242.35,242.9,375.0
2025-10-01,09:30:21.000,241.95,75.0,241.7,242.2,75.0
2025-10-01,09:30:22.000,242.5,225.0,242.25,242.75,450.0
2025-10-01,09:30:23.000,242.5,225.0,242.25,242.75,450.0
2025-10-01,09:30:24.000,242.98,525.0,242.7,243.25,300.0
2025-10-01,09:30:25.000,242.98,525.0,242.7,243.25,300.0
2025-10-01,09:30:26.000,242.35,900.0,242.0,242.7,750.0
2025-10-01,09:30:27.000,243.38,300.0,243.1,243.65,75.0
2025-10-01,09:30:28.000,243.38,300.0,243.1,243.65,75.0
2025-10-01,09:30:29.000,243.12,375.0,242.85,243.4,75.0
2025-10-01,09:30:30.000,243.12,375.0,242.85,243.4,75.0
2025-10-01,09:30:31.000,242.15,525.0,241.85,242.45,150.0
2025-10-01,09:30:32.000,242.2,75.0,241.9,242.5,75.0
2025-10-01,09:30:33.000,242.2,75.0,241.9,242.5,75.0
2025-10-01,09:30:34.000,241.62,750.0,241.3,241.95,225.0
2025-10-01,09:30:35.000,241.62,750.0,241.3,241.95,225.0
2025-10-01,09:30:36.000,241.4,375.0,241.05,241.75,300.0
2025-10-01,09:30:37.000,241.48,75.0,241.2,241.75,375.0
2025-10-01,09:30:38.000,241.48,75.0,241.2,241.75,375.0
2025-10-01,09:30:39.000,241.42,75.0,241.15,241.7,375.0
2025-10-01,09:30:40.000,241.42,75.0,241.15,241.7,375.0
2025-10-01,09:30:41.000,240.65,75.0,240.35,240.95,150.0
2025-10-01,09:30:42.000,239.48,300.0,239.25,239.7,150.0
2025-10-01,09:30:43.000,239.48,300.0,239.25,239.7,150.0
2025-10-01,09:30:44.000,240.05,225.0,239.75,240.35,75.0
2025-10-01,09:30:45.000,240.05,225.0,239.75,240.35,75.0
2025-10-01,09:30:46.000,239.77,375.0,239.45,240.1,450.0
2025-10-01,09:30:47.000,239.22,75.0,238.95,239.5,525.0
2025-10-01,09:30:48.000,239.22,75.0,238.95,239.5,525.0
2025-10-01,09:30:49.000,238.4,75.0,238.15,238.65,75.0
2025-10-01,09:30:50.000,238.4,75.0,238.15,238.65,75.0
2025-10-01,09:30:51.000,239.32,225.0,239.0,239.65,375.0
2025-10-01,09:30:52.000,239.6,75.0,239.3,239.9,825.0
2025-10-01,09:30:53.000,239.6,75.0,239.3,239.9,825.0
2025-10-01,09:30:54.000,239.23,75.0,238.9,239.55,225.0
2025-10-01,09:30:55.000,239.23,75.0,238.9,239.55,225.0
2025-10-01,09:30:56.000,238.85,525.0,238.5,239.2,1125.0
2025-10-01,09:30:57.000,239.42,600.0,239.05,239.8,75.0
2025-10-01,09:30:58.000,239.42,600.0,239.05,239.8,75.0
2025-10-01,09:30:59.000,238.85,75.0,238.5,239.2,300.0
2025-10-01,09:31:00.000,238.85,75.0,238.5,239.2,300.0
2025-10-01,09:31:01.000,239.2,450.0,238.9,239.5,225.0
2025-10-01,09:31:02.000,238.98,75.0,238.7,239.25,225.0
2025-10-01,09:31:03.000,238.98,75.0,238.7,239.25,225.0
2025-10-01,09:31:04.000,238.73,75.0,238.4,239.05,300.0
2025-10-01,09:31:05.000,238.73,75.0,238.4,239.05,300.0
2025-10-01,09:31:06.000,238.3,300.0,238.0,238.6,525.0
2025-10-01,09:31:07.000,238.65,225.0,238.45,238.85,75.0
2025-10-01,09:31:08.000,238.65,225.0,238.45,238.85,75.0
2025-10-01,09:31:09.000,239.08,150.0,238.75,239.4,150.0
2025-10-01,09:31:10.000,239.08,150.0,238.75,239.4,150.0
2025-10-01,09:31:11.000,239.25,75.0,238.9,239.6,375.0
2025-10-01,09:31:12.000,239.0,450.0,238.65,239.35,450.0
2025-10-01,09:31:13.000,239.0,450.0,238.65,239.35,450.0
2025-10-01,09:31:14.000,238.05,75.0,237.75,238.35,300.0
2025-10-01,09:31:15.000,238.05,75.0,237.75,238.35,300.0
2025-10-01,09:31:16.000,238.1,75.0,237.8,238.4,225.0
2025-10-01,09:31:17.000,238.68,825.0,238.3,239.05,525.0
2025-10-01,09:31:18.000,238.68,825.0,238.3,239.05,525.0
2025-10-01,09:31:19.000,238.35,525.0,238.0,238.7,600.0
2025-10-01,09:31:20.000,238.35,525.0,238.0,238.7,600.0
2025-10-01,09:31:21.000,237.92,75.0,237.6,238.25,375.0
2025-10-01,09:31:22.000,237.92,750.0,237.6,238.25,600.0
2025-10-01,09:31:23.000,237.92,750.0,237.6,238.25,600.0
2025-10-01,09:31:24.000,237.92,75.0,237.6,238.25,600.0
2025-10-01,09:31:25.000,237.92,75.0,237.6,238.25,600.0
2025-10-01,09:31:26.000,237.9,150.0,237.6,238.2,300.0
2025-10-01,09:31:27.000,238.22,675.0,237.95,238.5,225.0
2025-10-01,09:31:28.000,238.22,675.0,237.95,238.5,225.0
2025-10-01,09:31:29.000,238.75,300.0,238.5,239.0,150.0
2025-10-01,09:31:30.000,238.75,300.0,238.5,239.0,150.0
2025-10-01,09:31:31.000,238.68,75.0,238.35,239.0,825.0
2025-10-01,09:31:32.000,238.82,300.0,238.55,239.1,75.0
2025-10-01,09:31:33.000,238.82,300.0,238.55,239.1,75.0
2025-10-01,09:31:34.000,238.2,150.0,238.0,238.4,450.0
2025-10-01,09:31:35.000,238.2,150.0,238.0,238.4,450.0
2025-10-01,09:31:36.000,238.6,375.0,238.25,238.95,300.0
2025-10-01,09:31:37.000,237.85,1050.0,237.5,238.2,450.0
2025-10-01,09:31:38.000,237.85,1050.0,237.5,238.2,450.0
2025-10-01,09:31:39.000,238.02,300.0,237.7,238.35,75.0
2025-10-01,09:31:40.000,238.02,300.0,237.7,238.35,75.0
2025-10-01,09:31:41.000,237.7,150.0,237.4,238.0,375.0
2025-10-01,09:31:42.000,237.28,675.0,237.0,237.55,525.0
2025-10-01,09:31:43.000,237.28,675.0,237.0,237.55,525.0
2025-10-01,09:31:44.000,237.28,150.0,237.0,237.55,450.0
2025-10-01,09:31:45.000,237.28,150.0,237.0,237.55,450.0
2025-10-01,09:31:46.000,237.32,150.0,237.0,237.65,375.0
2025-10-01,09:31:47.000,238.08,75.0,237.75,238.4,75.0
2025-10-01,09:31:48.000,238.08,75.0,237.75,238.4,75.0
2025-10-01,09:31:49.000,238.08,150.0,237.75,238.4,375.0
2025-10-01,09:31:50.000,238.08,150.0,237.75,238.4,375.0
2025-10-01,09:31:51.000,238.05,375.0,237.7,238.4,600.0
2025-10-01,09:31:52.000,237.9,450.0,237.6,238.2,75.0
2025-10-01,09:31:53.000,237.9,450.0,237.6,238.2,75.0
2025-10-01,09:31:54.000,237.8,750.0,237.5,238.1,75.0
2025-10-01,09:31:55.000,237.8,750.0,237.5,238.1,75.0
2025-10-01,09:31:56.000,238.88,225.0,238.55,239.2,300.0
2025-10-01,09:31:57.000,239.12,75.0,238.8,239.45,225.0
2025-10-01,09:31:58.000,239.12,75.0,238.8,239.45,225.0
2025-10-01,09:31:59.000,239.98,750.0,239.6,240.35,450.0
2025-10-01,09:32:00.000,239.98,750.0,239.6,240.35,450.0
2025-10-01,09:32:01.000,239.95,825.0,239.6,240.3,75.0
2025-10-01,09:32:02.000,239.95,75.0,239.65,240.25,900.0
2025-10-01,09:32:03.000,239.95,75.0,239.65,240.25,900.0
2025-10-01,09:32:04.000,239.58,225.0,239.25,239.9,75.0
2025-10-01,09:32:05.000,239.58,225.0,239.25,239.9,75.0
2025-10-01,09:32:06.000,239.35,75.0,239.1,239.6,75.0
2025-10-01,09:32:07.000,239.8,225.0,239.45,240.15,675.0
2025-10-01,09:32:08.000,239.8,225.0,239.45,240.15,675.0
2025-10-01,09:32:09.000,239.62,750.0,239.3,239.95,225.0
2025-10-01,09:32:10.000,239.62,750.0,239.3,239.95,225.0
2025-10-01,09:32:11.000,240.32,225.0,240.0,240.65,225.0
2025-10-01,09:32:12.000,240.0,375.0,239.65,240.35,225.0
2025-10-01,09:32:13.000,240.0,375.0,239.65,240.35,225.0
2025-10-01,09:32:14.000,240.0,375.0,239.7,240.3,150.0
2025-10-01,09:32:15.000,240.0,375.0,239.7,240.3,150.0
2025-10-01,09:32:16.000,240.1,450.0,239.8,240.4,75.0
2025-10-01,09:32:17.000,240.55,450.0,240.2,240.9,75.0
2025-10-01,09:32:18.000,240.55,450.0,240.2,240.9,75.0
2025-10-01,09:32:19.000,240.77,225.0,240.45,241.1,75.0
2025-10-01,09:32:20.000,240.18,75.0,239.85,240.5,75.0
2025-10-01,09:32:21.000,240.18,75.0,239.85,240.5,75.0
2025-10-01,09:32:22.000,240.65,600.0,240.25,241.05,750.0
2025-10-01,09:32:23.000,240.65,600.0,240.25,241.05,750.0
2025-10-01,09:32:24.000,241.0,525.0,240.7,241.3,75.0
2025-10-01,09:32:25.000,240.9,675.0,240.6,241.2,150.0
2025-10-01,09:32:26.000,240.9,675.0,240.6,241.2,150.0
2025-10-01,09:32:27.000,240.88,75.0,240.55,241.2,900.0
2025-10-01,09:32:28.000,240.88,75.0,240.55,241.2,900.0
2025-10-01,09:32:29.000,241.15,75.0,240.95,241.35,75.0
2025-10-01,09:32:30.000,241.23,75.0,240.9,241.55,450.0
2025-10-01,09:32:31.000,241.23,75.0,240.9,241.55,450.0
2025-10-01,09:32:32.000,241.0,150.0,240.7,241.3,75.0
2025-10-01,09:32:33.000,241.0,150.0,240.7,241.3,75.0
2025-10-01,09:32:34.000,240.85,300.0,240.6,241.1,225.0
2025-10-01,09:32:35.000,240.92,75.0,240.65,241.2,600.0
2025-10-01,09:32:36.000,240.92,75.0,240.65,241.2,600.0
2025-10-01,09:32:37.000,241.42,375.0,241.1,241.75,75.0
2025-10-01,09:32:38.000,241.42,375.0,241.1,241.75,75.0
2025-10-01,09:32:39.000,241.68,75.0,241.35,242.0,525.0
2025-10-01,09:32:40.000,241.92,75.0,241.75,242.1,525.0
2025-10-01,09:32:41.000,241.92,75.0,241.75,242.1,525.0
2025-10-01,09:32:42.000,241.55,525.0,241.35,241.75,750.0
2025-10-01,09:32:43.000,241.55,525.0,241.35,241.75,750.0
2025-10-01,09:32:44.000,241.8,375.0,241.5,242.1,225.0
2025-10-01,09:32:45.000,241.5,375.0,241.15,241.85,900.0
2025-10-01,09:32:46.000,241.5,375.0,241.15,241.85,900.0
2025-10-01,09:32:47.000,241.77,75.0,241.45,242.1,450.0
2025-10-01,09:32:48.000,241.77,75.0,241.45,242.1,450.0
2025-10-01,09:32:49.000,242.38,75.0,242.1,242.65,675.0
2025-10-01,09:32:50.000,241.88,225.0,241.65,242.1,300.0
2025-10-01,09:32:51.000,241.88,225.0,241.65,242.1,300.0
2025-10-01,09:32:52.000,242.78,75.0,242.55,243.0,75.0
2025-10-01,09:32:53.000,242.78,75.0,242.55,243.0,75.0
2025-10-01,09:32:54.000,242.77,225.0,242.45,243.1,525.0
2025-10-01,09:32:55.000,242.77,225.0,242.45,243.1,525.0
2025-10-01,09:32:56.000,242.8,150.0,242.5,243.1,300.0
2025-10-01,09:32:57.000,242.6,75.0,242.35,242.85,600.0
2025-10-01,09:32:58.000,242.6,75.0,242.35,242.85,600.0
2025-10-01,09:32:59.000,242.18,450.0,241.85,242.5,150.0
2025-10-01,09:33:00.000,242.18,450.0,241.85,242.5,150.0
2025-10-01,09:33:01.000,241.65,75.0,241.35,241.95,225.0
2025-10-01,09:33:02.000,241.28,150.0,241.0,241.55,300.0
2025-10-01,09:33:03.000,241.28,150.0,241.0,241.55,300.0
2025-10-01,09:33:04.000,241.4,450.0,241.1,241.7,75.0
2025-10-01,09:33:05.000,241.4,450.0,241.1,241.7,75.0
2025-10-01,09:33:06.000,241.18,450.0,240.85,241.5,225.0
2025-10-01,09:33:07.000,240.77,300.0,240.6,240.95,75.0
2025-10-01,09:33:08.000,240.77,300.0,240.6,240.95,75.0
2025-10-01,09:33:09.000,241.0,225.0,240.8,241.2,150.0
2025-10-01,09:33:10.000,240.22,150.0,239.95,240.5,75.0
2025-10-01,09:33:11.000,240.22,150.0,239.95,240.5,75.0
2025-10-01,09:33:12.000,240.88,150.0,240.55,241.2,450.0
2025-10-01,09:33:13.000,240.88,150.0,240.55,241.2,450.0
2025-10-01,09:33:14.000,240.77,75.0,240.6,240.95,375.0
2025-10-01,09:33:15.000,239.88,375.0,239.55,240.2,150.0
2025-10-01,09:33:16.000,239.88,375.0,239.55,240.2,150.0
2025-10-01,09:33:17.000,240.58,75.0,240.25,240.9,75.0
2025-10-01,09:33:18.000,240.58,75.0,240.25,240.9,75.0
2025-10-01,09:33:19.000,240.5,600.0,240.1,240.9,300.0
2025-10-01,09:33:20.000,240.2,375.0,240.0,240.4,1500.0
2025-10-01,09:33:21.000,240.2,375.0,240.0,240.4,1500.0
2025-10-01,09:33:22.000,239.9,375.0,239.55,240.25,375.0
2025-10-01,09:33:23.000,239.9,375.0,239.55,240.25,375.0
2025-10-01,09:33:24.000,239.68,75.0,239.35,240.0,300.0
2025-10-01,09:33:25.000,239.6,75.0,239.3,239.9,675.0
2025-10-01,09:33:26.000,239.6,75.0,239.3,239.9,675.0
2025-10-01,09:33:27.000,239.22,675.0,239.1,239.35,75.0
2025-10-01,09:33:28.000,239.22,675.0,239.1,239.35,75.0
2025-10-01,09:33:29.000,238.98,2025.0,238.8,239.15,975.0
2025-10-01,09:33:30.000,238.58,300.0,238.45,238.7,1125.0
2025-10-01,09:33:31.000,238.58,300.0,238.45,238.7,1125.0
2025-10-01,09:33:32.000,238.95,2325.0,238.9,239.0,675.0
2025-10-01,09:33:33.000,238.95,2325.0,238.9,239.0,675.0
2025-10-01,09:33:34.000,239.32,1500.0,239.2,239.45,75.0
2025-10-01,09:33:35.000,239.7,675.0,239.65,239.75,150.0
2025-10-01,09:33:36.000,239.7,675.0,239.65,239.75,150.0
2025-10-01,09:33:37.000,239.1,150.0,238.85,239.35,150.0
2025-10-01,09:33:38.000,239.1,150.0,238.85,239.35,150.0
2025-10-01,09:33:39.000,239.22,300.0,238.95,239.5,225.0
2025-10-01,09:33:40.000,239.9,375.0,239.65,240.15,75.0
2025-10-01,09:33:41.000,239.9,375.0,239.65,240.15,75.0
2025-10-01,09:33:42.000,239.5,300.0,239.25,239.75,150.0
2025-10-01,09:33:43.000,239.5,300.0,239.25,239.75,150.0
2025-10-01,09:33:44.000,239.05,75.0,238.85,239.25,150.0
2025-10-01,09:33:45.000,238.65,675.0,238.3,239.0,750.0
2025-10-01,09:33:46.000,238.65,675.0,238.3,239.0,750.0
2025-10-01,09:33:47.000,239.18,450.0,238.85,239.5,225.0
2025-10-01,09:33:48.000,239.18,450.0,238.85,239.5,225.0
2025-10-01,09:33:49.000,239.3,75.0,239.0,239.6,75.0
2025-10-01,09:33:50.000,239.08,75.0,238.75,239.4,600.0
2025-10-01,09:33:51.000,239.08,75.0,238.75,239.4,600.0
2025-10-01,09:33:52.000,238.77,525.0,238.45,239.1,300.0
2025-10-01,09:33:53.000,238.77,525.0,238.45,239.1,300.0
2025-10-01,09:33:54.000,238.8,900.0,238.45,239.15,600.0
2025-10-01,09:33:55.000,239.12,1275.0,238.9,239.35,225.0
2025-10-01,09:33:56.000,239.12,1275.0,238.9,239.35,225.0
2025-10-01,09:33:57.000,238.7,450.0,238.4,239.0,600.0
2025-10-01,09:33:58.000,238.7,450.0,238.4,239.0,600.0
2025-10-01,09:33:59.000,239.05,750.0,238.7,239.4,75.0
2025-10-01,09:34:00.000,238.62,225.0,238.25,239.0,825.0
2025-10-01,09:34:01.000,238.62,225.0,238.25,239.0,825.0
2025-10-01,09:34:02.000,238.88,75.0,238.55,239.2,75.0
2025-10-01,09:34:03.000,238.88,75.0,238.55,239.2,75.0
2025-10-01,09:34:04.000,238.52,300.0,238.25,238.8,525.0
2025-10-01,09:34:05.000,238.62,225.0,238.5,238.75,300.0
2025-10-01,09:34:06.000,238.62,225.0,238.5,238.75,300.0
2025-10-01,09:34:07.000,238.73,525.0,238.4,239.05,525.0
2025-10-01,09:34:08.000,238.73,525.0,238.4,239.05,525.0
2025-10-01,09:34:09.000,238.78,1275.0,238.5,239.05,75.0
2025-10-01,09:34:10.000,238.7,675.0,238.45,238.95,75.0
2025-10-01,09:34:11.000,238.7,675.0,238.45,238.95,75.0
2025-10-01,09:34:12.000,238.6,225.0,238.3,238.9,300.0
2025-10-01,09:34:13.000,238.6,225.0,238.3,238.9,300.0
2025-10-01,09:34:14.000,238.5,1350.0,238.2,238.8,75.0
2025-10-01,09:34:15.000,238.78,525.0,238.4,239.15,675.0
2025-10-01,09:34:16.000,238.78,525.0,238.4,239.15,675.0
2025-10-01,09:34:17.000,238.28,750.0,238.0,238.55,450.0
2025-10-01,09:34:18.000,238.28,750.0,238.0,238.55,450.0
2025-10-01,09:34:19.000,238.9,750.0,238.7,239.1,225.0
2025-10-01,09:34:20.000,238.2,450.0,238.0,238.4,525.0
2025-10-01,09:34:21.000,238.2,450.0,238.0,238.4,525.0
2025-10-01,09:34:22.000,237.35,75.0,237.2,237.5,225.0
2025-10-01,09:34:23.000,237.35,75.0,237.2,237.5,225.0
2025-10-01,09:34:24.000,237.32,2175.0,237.3,237.35,375.0
2025-10-01,09:34:25.000,237.78,300.0,237.5,238.05,375.0
2025-10-01,09:34:26.000,237.78,300.0,237.5,238.05,375.0
2025-10-01,09:34:27.000,238.15,375.0,237.9,238.4,300.0
2025-10-01,09:34:28.000,238.15,375.0,237.9,238.4,300.0
2025-10-01,09:34:29.000,238.05,300.0,237.8,238.3,75.0
2025-10-01,09:34:30.000,238.65,300.0,238.4,238.9,75.0
2025-10-01,09:34:31.000,238.65,300.0,238.4,238.9,75.0
2025-10-01,09:34:32.000,238.55,300.0,238.3,238.8,150.0
2025-10-01,09:34:33.000,238.55,300.0,238.3,238.8,150.0
2025-10-01,09:34:34.000,238.38,300.0,238.05,238.7,975.0
2025-10-01,09:34:35.000,237.82,825.0,237.55,238.1,150.0
2025-10-01,09:34:36.000,237.82,825.0,237.55,238.1,150.0
2025-10-01,09:34:37.000,238.02,675.0,237.7,238.35,450.0
2025-10-01,09:34:38.000,238.02,675.0,237.7,238.35,450.0
2025-10-01,09:34:39.000,238.08,225.0,237.75,238.4,600.0
2025-10-01,09:34:40.000,238.08,1125.0,237.75,238.4,525.0
2025-10-01,09:34:41.000,238.08,1125.0,237.75,238.4,525.0
2025-10-01,09:34:42.000,238.42,600.0,238.2,238.65,150.0
2025-10-01,09:34:43.000,238.42,600.0,238.2,238.65,150.0
2025-10-01,09:34:44.000,238.4,600.0,238.3,238.5,300.0
2025-10-01,09:34:45.000,238.68,375.0,238.35,239.0,300.0
2025-10-01,09:34:46.000,238.68,375.0,238.35,239.0,300.0
2025-10-01,09:34:47.000,238.95,300.0,238.6,239.3,225.0
2025-10-01,09:34:48.000,238.95,300.0,238.6,239.3,225.0
2025-10-01,09:34:49.000,238.95,300.0,238.65,239.25,225.0
2025-10-01,09:34:50.000,238.85,1050.0,238.55,239.15,375.0
2025-10-01,09:34:51.000,238.85,1050.0,238.55,239.15,375.0
2025-10-01,09:34:52.000,238.8,600.0,238.55,239.05,300.0
2025-10-01,09:34:53.000,238.8,600.0,238.55,239.05,300.0
2025-10-01,09:34:54.000,239.2,1725.0,238.9,239.5,525.0
2025-10-01,09:34:55.000,238.95,75.0,238.65,239.25,75.0
2025-10-01,09:34:56.000,238.95,75.0,238.65,239.25,75.0
2025-10-01,09:34:57.000,238.85,1350.0,238.5,239.2,825.0
2025-10-01,09:34:58.000,238.85,1350.0,238.5,239.2,825.0
2025-10-01,09:34:59.000,238.82,300.0,238.5,239.15,750.0
2025-10-01,09:35:00.000,238.58,675.0,238.2,238.95,750.0
2025-10-01,09:35:01.000,238.58,675.0,238.2,238.95,750.0
2025-10-01,09:35:02.000,238.05,225.0,237.7,238.4,375.0
2025-10-01,09:35:03.000,238.05,225.0,237.7,238.4,375.0
2025-10-01,09:35:04.000,237.35,900.0,237.0,237.7,675.0
2025-10-01,09:35:05.000,237.23,225.0,236.9,237.55,75.0
2025-10-01,09:35:06.000,237.23,225.0,236.9,237.55,75.0
2025-10-01,09:35:07.000,236.82,300.0,236.55,237.1,225.0
2025-10-01,09:35:08.000,236.82,300.0,236.55,237.1,225.0
2025-10-01,09:35:09.000,237.22,300.0,236.95,237.5,75.0
2025-10-01,09:35:10.000,237.62,900.0,237.45,237.8,450.0
2025-10-01,09:35:11.000,237.62,900.0,237.45,237.8,450.0
2025-10-01,09:35:12.000,238.1,225.0,237.75,238.45,300.0
2025-10-01,09:35:13.000,238.1,225.0,237.75,238.45,300.0
2025-10-01,09:35:14.000,237.9,600.0,237.55,238.25,675.0
2025-10-01,09:35:15.000,237.85,225.0,237.5,238.2,375.0
2025-10-01,09:35:16.000,237.85,225.0,237.5,238.2,375.0
2025-10-01,09:35:17.000,237.62,525.0,237.3,237.95,150.0
2025-10-01,09:35:18.000,237.62,525.0,237.3,237.95,150.0
2025-10-01,09:35:19.000,238.08,900.0,237.7,238.45,600.0
2025-10-01,09:35:20.000,238.75,300.0,238.5,239.0,75.0
2025-10-01,09:35:21.000,238.75,300.0,238.5,239.0,75.0
2025-10-01,09:35:22.000,238.4,450.0,238.1,238.7,450.0
2025-10-01,09:35:23.000,238.4,450.0,238.1,238.7,450.0
2025-10-01,09:35:24.000,238.35,375.0,238.0,238.7,675.0
2025-10-01,09:35:25.000,238.35,600.0,238.0,238.7,450.0
2025-10-01,09:35:26.000,238.35,600.0,238.0,238.7,450.0
2025-10-01,09:35:27.000,238.08,525.0,237.7,238.45,750.0
2025-10-01,09:35:28.000,238.08,525.0,237.7,238.45,750.0
2025-10-01,09:35:29.000,237.65,825.0,237.3,238.0,525.0
2025-10-01,09:35:30.000,238.08,450.0,237.7,238.45,450.0
2025-10-01,09:35:31.000,238.08,450.0,237.7,238.45,450.0
2025-10-01,09:35:32.000,238.15,225.0,237.8,238.5,750.0
2025-10-01,09:35:33.000,237.95,1125.0,237.6,238.3,375.0
2025-10-01,09:35:34.000,237.95,1125.0,237.6,238.3,375.0
2025-10-01,09:35:35.000,238.02,750.0,237.65,238.4,1125.0
2025-10-01,09:35:36.000,238.02,750.0,237.65,238.4,1125.0
2025-10-01,09:35:37.000,238.32,1350.0,238.0,238.65,450.0
2025-10-01,09:35:38.000,238.35,750.0,238.0,238.7,825.0
2025-10-01,09:35:39.000,238.35,750.0,238.0,238.7,825.0
2025-10-01,09:35:40.000,238.45,1875.0,238.1,238.8,600.0
2025-10-01,09:35:41.000,238.45,1875.0,238.1,238.8,600.0
2025-10-01,09:35:42.000,238.75,675.0,238.5,239.0,75.0
2025-10-01,09:35:43.000,238.8,225.0,238.6,239.0,75.0
2025-10-01,09:35:44.000,238.8,225.0,238.6,239.0,75.0
2025-10-01,09:35:45.000,238.72,150.0,238.6,238.85,300.0
2025-10-01,09:35:46.000,238.72,150.0,238.6,238.85,300.0
2025-10-01,09:35:47.000,238.3,1575.0,238.0,238.6,150.0
2025-10-01,09:35:48.000,238.78,300.0,238.55,239.0,75.0
2025-10-01,09:35:49.000,238.78,300.0,238.55,239.0,75.0
2025-10-01,09:35:50.000,238.4,150.0,238.1,238.7,150.0
2025-10-01,09:35:51.000,238.4,150.0,238.1,238.7,150.0
2025-10-01,09:35:52.000,239.35,225.0,239.0,239.7,975.0
2025-10-01,09:35:53.000,239.7,675.0,239.4,240.0,225.0
2025-10-01,09:35:54.000,239.7,675.0,239.4,240.0,225.0
2025-10-01,09:35:55.000,239.48,1350.0,239.1,239.85,675.0
2025-10-01,09:35:56.000,239.48,1350.0,239.1,239.85,675.0
2025-10-01,09:35:57.000,240.05,225.0,239.7,240.4,675.0
2025-10-01,09:35:58.000,240.15,300.0,239.8,240.5,900.0
2025-10-01,09:35:59.000,240.15,300.0,239.8,240.5,900.0
2025-10-01,09:36:00.000,240.65,750.0,240.3,241.0,150.0
2025-10-01,09:36:01.000,240.65,750.0,240.3,241.0,150.0
2025-10-01,09:36:02.000,240.45,375.0,240.1,240.8,600.0
2025-10-01,09:36:03.000,239.62,75.0,239.5,239.75,300.0
2025-10-01,09:36:04.000,239.62,75.0,239.5,239.75,300.0
2025-10-01,09:36:05.000,239.3,75.0,238.95,239.65,75.0
2025-10-01,09:36:06.000,239.3,75.0,238.95,239.65,75.0
2025-10-01,09:36:07.000,239.25,1125.0,238.9,239.6,450.0
2025-10-01,09:36:08.000,238.55,150.0,238.25,238.85,600.0
2025-10-01,09:36:09.000,238.55,150.0,238.25,238.85,600.0
2025-10-01,09:36:10.000,239.02,150.0,238.75,239.3,600.0
2025-10-01,09:36:11.000,239.02,150.0,238.75,239.3,600.0
2025-10-01,09:36:12.000,237.72,150.0,237.5,237.95,75.0
2025-10-01,09:36:13.000,237.55,150.0,237.25,237.85,75.0
2025-10-01,09:36:14.000,237.55,150.0,237.25,237.85,75.0
2025-10-01,09:36:15.000,237.68,675.0,237.4,237.95,75.0
2025-10-01,09:36:16.000,237.68,675.0,237.4,237.95,75.0
2025-10-01,09:36:17.000,237.48,225.0,237.1,237.85,600.0
2025-10-01,09:36:18.000,237.42,375.0,237.15,237.7,75.0
2025-10-01,09:36:19.000,237.42,375.0,237.15,237.7,75.0
2025-10-01,09:36:20.000,237.6,300.0,237.4,237.8,75.0
2025-10-01,09:36:21.000,237.6,300.0,237.4,237.8,75.0
2025-10-01,09:36:22.000,237.28,900.0,237.0,237.55,75.0
2025-10-01,09:36:23.000,238.18,75.0,238.1,238.25,150.0
2025-10-01,09:36:24.000,238.18,75.0,238.1,238.25,150.0
2025-10-01,09:36:25.000,237.62,225.0,237.25,238.0,1200.0
2025-10-01,09:36:26.000,237.62,225.0,237.25,238.0,1200.0
2025-10-01,09:36:27.000,237.75,225.0,237.4,238.1,150.0
2025-10-01,09:36:28.000,237.58,225.0,237.25,237.9,900.0
2025-10-01,09:36:29.000,237.58,225.0,237.25,237.9,900.0
2025-10-01,09:36:30.000,237.7,825.0,237.35,238.05,525.0
2025-10-01,09:36:31.000,237.7,825.0,237.35,238.05,525.0
2025-10-01,09:36:32.000,237.73,150.0,237.4,238.05,300.0
2025-10-01,09:36:33.000,237.3,150.0,237.0,237.6,75.0
2025-10-01,09:36:34.000,237.3,150.0,237.0,237.6,75.0
2025-10-01,09:36:35.000,236.95,525.0,236.9,237.0,75.0
2025-10-01,09:36:36.000,236.95,525.0,236.9,237.0,75.0
2025-10-01,09:36:37.000,237.27,450.0,237.1,237.45,525.0
2025-10-01,09:36:38.000,237.3,450.0,237.1,237.5,225.0
2025-10-01,09:36:39.000,237.3,450.0,237.1,237.5,225.0
2025-10-01,09:36:40.000,237.27,450.0,237.1,237.45,675.0
2025-10-01,09:36:41.000,237.27,450.0,237.1,237.45,675.0
2025-10-01,09:36:42.000,236.8,825.0,236.55,237.05,75.0
2025-10-01,09:36:43.000,236.58,675.0,236.55,236.6,75.0
2025-10-01,09:36:44.000,236.58,675.0,236.55,236.6,75.0
2025-10-01,09:36:45.000,235.92,75.0,235.75,236.1,75.0
2025-10-01,09:36:46.000,235.92,75.0,235.75,236.1,75.0
2025-10-01,09:36:47.000,236.4,525.0,236.05,236.75,150.0
2025-10-01,09:36:48.000,236.62,600.0,236.3,236.95,825.0
2025-10-01,09:36:49.000,236.62,600.0,236.3,236.95,825.0
2025-10-01,09:36:50.000,236.5,450.0,236.15,236.85,375.0
2025-10-01,09:36:51.000,236.5,450.0,236.15,236.85,375.0
2025-10-01,09:36:52.000,236.8,600.0,236.4,237.2,1350.0
2025-10-01,09:36:53.000,236.3,375.0,236.0,236.6,75.0
2025-10-01,09:36:54.000,236.3,375.0,236.0,236.6,75.0
2025-10-01,09:36:55.000,236.78,675.0,236.4,237.15,525.0
2025-10-01,09:36:56.000,236.78,675.0,236.4,237.15,525.0
2025-10-01,09:36:57.000,236.28,525.0,236.0,236.55,225.0
2025-10-01,09:36:58.000,236.32,525.0,236.0,236.65,450.0
2025-10-01,09:36:59.000,236.32,525.0,236.0,236.65,450.0
2025-10-01,09:37:00.000,236.25,75.0,236.0,236.5,225.0
2025-10-01,09:37:01.000,236.25,75.0,236.0,236.5,225.0
2025-10-01,09:37:02.000,236.82,75.0,236.45,237.2,1050.0
2025-10-01,09:37:03.000,237.42,150.0,237.1,237.75,300.0
2025-10-01,09:37:04.000,237.42,150.0,237.1,237.75,300.0
2025-10-01,09:37:05.000,236.5,1200.0,236.1,236.9,1275.0
2025-10-01,09:37:06.000,236.5,1200.0,236.1,236.9,1275.0
2025-10-01,09:37:07.000,236.25,225.0,236.0,236.5,225.0
2025-10-01,09:37:08.000,235.62,75.0,235.4,235.85,75.0
2025-10-01,09:37:09.000,235.62,75.0,235.4,235.85,75.0
2025-10-01,09:37:10.000,235.68,75.0,235.35,236.0,225.0
2025-10-01,09:37:11.000,235.68,75.0,235.35,236.0,225.0
2025-10-01,09:37:12.000,235.85,75.0,235.55,236.15,450.0
2025-10-01,09:37:13.000,236.08,225.0,235.8,236.35,450.0
2025-10-01,09:37:14.000,236.08,225.0,235.8,236.35,450.0
2025-10-01,09:37:15.000,236.45,225.0,236.05,236.85,150.0
2025-10-01,09:37:16.000,236.45,225.0,236.05,236.85,150.0
2025-10-01,09:37:17.000,236.58,225.0,236.25,236.9,75.0
2025-10-01,09:37:18.000,236.27,675.0,235.95,236.6,600.0
2025-10-01,09:37:19.000,236.27,675.0,235.95,236.6,600.0
2025-10-01,09:37:20.000,236.15,75.0,235.8,236.5,750.0
2025-10-01,09:37:21.000,236.15,75.0,235.8,236.5,750.0
2025-10-01,09:37:22.000,236.25,225.0,235.9,236.6,75.0
2025-10-01,09:37:23.000,236.25,450.0,235.9,236.6,75.0
2025-10-01,09:37:24.000,236.25,450.0,235.9,236.6,75.0
2025-10-01,09:37:25.000,236.15,225.0,235.8,236.5,450.0
2025-10-01,09:37:26.000,236.15,225.0,235.8,236.5,450.0
2025-10-01,09:37:27.000,235.85,600.0,235.5,236.2,1200.0
2025-10-01,09:37:28.000,235.78,450.0,235.5,236.05,150.0
2025-10-01,09:37:29.000,235.78,450.0,235.5,236.05,150.0
2025-10-01,09:37:30.000,235.82,600.0,235.5,236.15,300.0
2025-10-01,09:37:31.000,235.82,600.0,235.5,236.15,300.0
2025-10-01,09:37:32.000,235.75,525.0,235.4,236.1,675.0
2025-10-01,09:37:33.000,235.85,300.0,235.55,236.15,150.0
2025-10-01,09:37:34.000,235.85,300.0,235.55,236.15,150.0
2025-10-01,09:37:35.000,235.88,375.0,235.55,236.2,300.0
2025-10-01,09:37:36.000,235.88,375.0,235.55,236.2,300.0
2025-10-01,09:37:37.000,236.02,300.0,235.75,236.3,75.0
2025-10-01,09:37:38.000,235.92,75.0,235.65,236.2,375.0
2025-10-01,09:37:39.000,235.92,75.0,235.65,236.2,375.0
2025-10-01,09:37:40.000,236.15,150.0,235.9,236.4,150.0
2025-10-01,09:37:41.000,236.15,150.0,235.9,236.4,150.0
2025-10-01,09:37:42.000,236.28,525.0,236.0,236.55,150.0
2025-10-01,09:37:43.000,235.78,1125.0,235.5,236.05,225.0
2025-10-01,09:37:44.000,235.78,1125.0,235.5,236.05,225.0
2025-10-01,09:37:45.000,235.95,375.0,235.75,236.15,150.0
2025-10-01,09:37:46.000,235.95,375.0,235.75,236.15,150.0
2025-10-01,09:37:47.000,236.15,750.0,236.0,236.3,150.0
2025-10-01,09:37:48.000,236.15,600.0,236.0,236.3,225.0
2025-10-01,09:37:49.000,236.15,600.0,236.0,236.3,225.0
2025-10-01,09:37:50.000,235.52,750.0,235.25,235.8,75.0
2025-10-01,09:37:51.000,235.52,750.0,235.25,235.8,75.0
2025-10-01,09:37:52.000,236.05,225.0,235.75,236.35,75.0
2025-10-01,09:37:53.000,236.1,375.0,235.8,236.4,75.0
2025-10-01,09:37:54.000,236.1,375.0,235.8,236.4,75.0
2025-10-01,09:37:55.000,236.3,150.0,236.0,236.6,75.0
2025-10-01,09:37:56.000,236.3,150.0,236.0,236.6,75.0
2025-10-01,09:37:57.000,236.48,450.0,236.1,236.85,75.0
2025-10-01,09:37:58.000,236.5,75.0,236.2,236.8,225.0
2025-10-01,09:37:59.000,236.5,75.0,236.2,236.8,225.0
2025-10-01,09:38:00.000,237.3,150.0,236.9,237.7,150.0
2025-10-01,09:38:01.000,237.3,150.0,236.9,237.7,150.0
2025-10-01,09:38:02.000,236.55,1125.0,236.2,236.9,75.0
2025-10-01,09:38:03.000,237.12,75.0,236.8,237.45,150.0
2025-10-01,09:38:04.000,237.12,75.0,236.8,237.45,150.0
2025-10-01,09:38:05.000,237.6,75.0,237.25,237.95,525.0
2025-10-01,09:38:06.000,237.6,75.0,237.25,237.95,525.0
2025-10-01,09:38:07.000,238.0,75.0,237.65,238.35,150.0
2025-10-01,09:38:08.000,237.45,75.0,237.15,237.75,375.0
2025-10-01,09:38:09.000,237.45,75.0,237.15,237.75,375.0
2025-10-01,09:38:10.000,237.4,525.0,237.1,237.7,375.0
2025-10-01,09:38:11.000,237.4,525.0,237.1,237.7,375.0
2025-10-01,09:38:12.000,237.98,75.0,237.65,238.3,75.0
2025-10-01,09:38:13.000,238.25,225.0,237.9,238.6,750.0
2025-10-01,09:38:14.000,238.25,225.0,237.9,238.6,750.0
2025-10-01,09:38:15.000,238.3,75.0,238.05,238.55,150.0
2025-10-01,09:38:16.000,238.3,75.0,238.05,238.55,150.0
2025-10-01,09:38:17.000,237.75,600.0,237.55,237.95,75.0
2025-10-01,09:38:18.000,237.32,600.0,237.0,237.65,450.0
2025-10-01,09:38:19.000,237.32,600.0,237.0,237.65,450.0
2025-10-01,09:38:20.000,237.12,150.0,236.8,237.45,450.0
2025-10-01,09:38:21.000,237.12,150.0,236.8,237.45,450.0
2025-10-01,09:38:22.000,237.32,300.0,237.0,237.65,525.0
2025-10-01,09:38:23.000,237.28,300.0,237.0,237.55,450.0
2025-10-01,09:38:24.000,237.28,300.0,237.0,237.55,450.0
2025-10-01,09:38:25.000,237.95,450.0,237.6,238.3,525.0
2025-10-01,09:38:26.000,237.95,450.0,237.6,238.3,525.0
2025-10-01,09:38:27.000,239.12,150.0,238.75,239.5,675.0
2025-10-01,09:38:28.000,239.05,225.0,238.7,239.4,750.0
2025-10-01,09:38:29.000,239.05,225.0,238.7,239.4,750.0
2025-10-01,09:38:30.000,238.62,225.0,238.25,239.0,975.0
2025-10-01,09:38:31.000,238.62,225.0,238.25,239.0,975.0
2025-10-01,09:38:32.000,238.3,150.0,238.0,238.6,375.0
2025-10-01,09:38:33.000,238.32,300.0,237.95,238.7,1125.0
2025-10-01,09:38:34.000,238.32,300.0,237.95,238.7,1125.0
2025-10-01,09:38:35.000,238.1,150.0,237.8,238.4,675.0
2025-10-01,09:38:36.000,238.1,150.0,237.8,238.4,675.0
2025-10-01,09:38:37.000,237.88,450.0,237.55,238.2,525.0
2025-10-01,09:38:38.000,237.85,750.0,237.5,238.2,300.0
2025-10-01,09:38:39.000,237.85,750.0,237.5,238.2,300.0
2025-10-01,09:38:40.000,237.68,150.0,237.5,237.85,75.0
2025-10-01,09:38:41.000,237.68,150.0,237.5,237.85,75.0
2025-10-01,09:38:42.000,238.05,150.0,237.7,238.4,375.0
2025-10-01,09:38:43.000,238.05,150.0,237.75,238.35,300.0
2025-10-01,09:38:44.000,238.05,150.0,237.75,238.35,300.0
2025-10-01,09:38:45.000,238.15,525.0,237.85,238.45,300.0
2025-10-01,09:38:46.000,237.38,825.0,237.0,237.75,525.0
2025-10-01,09:38:47.000,237.38,825.0,237.0,237.75,525.0
2025-10-01,09:38:48.000,237.5,225.0,237.2,237.8,375.0
2025-10-01,09:38:49.000,237.5,225.0,237.2,237.8,375.0
2025-10-01,09:38:50.000,237.55,150.0,237.25,237.85,675.0
2025-10-01,09:38:51.000,237.73,150.0,237.4,238.05,375.0
2025-10-01,09:38:52.000,237.73,150.0,237.4,238.05,375.0
2025-10-01,09:38:53.000,237.73,450.0,237.4,238.05,300.0
2025-10-01,09:38:54.000,237.73,450.0,237.4,238.05,300.0
2025-10-01,09:38:55.000,238.05,150.0,237.7,238.4,975.0
2025-10-01,09:38:56.000,238.23,150.0,237.9,238.55,525.0
2025-10-01,09:38:57.000,238.23,150.0,237.9,238.55,525.0
2025-10-01,09:38:58.000,238.45,375.0,238.1,238.8,825.0
2025-10-01,09:38:59.000,238.45,375.0,238.1,238.8,825.0
2025-10-01,09:39:00.000,238.25,375.0,237.95,238.55,300.0
2025-10-01,09:39:01.000,238.12,450.0,237.8,238.45,300.0
2025-10-01,09:39:02.000,238.12,450.0,237.8,238.45,300.0
2025-10-01,09:39:03.000,238.6,300.0,238.25,238.95,300.0
2025-10-01,09:39:04.000,238.6,300.0,238.25,238.95,300.0
2025-10-01,09:39:05.000,238.38,1125.0,238.05,238.7,75.0
2025-10-01,09:39:06.000,237.85,600.0,237.5,238.2,450.0
2025-10-01,09:39:07.000,237.85,600.0,237.5,238.2,450.0
2025-10-01,09:39:08.000,237.95,150.0,237.6,238.3,825.0
2025-10-01,09:39:09.000,237.95,150.0,237.6,238.3,825.0
2025-10-01,09:39:10.000,237.95,375.0,237.6,238.3,375.0
2025-10-01,09:39:11.000,238.15,375.0,237.8,238.5,450.0
2025-10-01,09:39:12.000,238.15,375.0,237.8,238.5,450.0
2025-10-01,09:39:13.000,237.92,375.0,237.6,238.25,300.0
2025-10-01,09:39:14.000,237.92,375.0,237.6,238.25,300.0
2025-10-01,09:39:15.000,237.78,450.0,237.5,238.05,1200.0
2025-10-01,09:39:16.000,236.77,300.0,236.45,237.1,600.0
2025-10-01,09:39:17.000,236.77,300.0,236.45,237.1,600.0
2025-10-01,09:39:18.000,236.48,225.0,236.25,236.7,75.0
2025-10-01,09:39:19.000,236.48,225.0,236.25,236.7,75.0
2025-10-01,09:39:20.000,237.12,150.0,236.75,237.5,300.0
2025-10-01,09:39:21.000,236.32,75.0,236.1,236.55,75.0
2025-10-01,09:39:22.000,236.32,75.0,236.1,236.55,75.0
2025-10-01,09:39:23.000,236.6,75.0,236.35,236.85,375.0
2025-10-01,09:39:24.000,236.6,75.0,236.35,236.85,375.0
2025-10-01,09:39:25.000,236.65,75.0,236.3,237.0,750.0
2025-10-01,09:39:26.000,236.65,75.0,236.3,237.0,750.0
2025-10-01,09:39:27.000,236.3,525.0,236.0,236.6,75.0
2025-10-01,09:39:28.000,236.18,75.0,236.0,236.35,150.0
2025-10-01,09:39:29.000,236.18,75.0,236.0,236.35,150.0
2025-10-01,09:39:30.000,235.9,600.0,235.6,236.2,150.0
2025-10-01,09:39:31.000,235.9,600.0,235.6,236.2,150.0
2025-10-01,09:39:32.000,235.35,75.0,235.05,235.65,750.0
2025-10-01,09:39:33.000,234.77,375.0,234.45,235.1,450.0
2025-10-01,09:39:34.000,234.77,375.0,234.45,235.1,450.0
2025-10-01,09:39:35.000,234.88,600.0,234.5,235.25,675.0
2025-10-01,09:39:36.000,234.88,600.0,234.5,235.25,675.0
2025-10-01,09:39:37.000,234.82,450.0,234.6,235.05,150.0
2025-10-01,09:39:38.000,235.5,150.0,235.25,235.75,150.0
2025-10-01,09:39:39.000,235.5,150.0,235.25,235.75,150.0
2025-10-01,09:39:40.000,235.32,300.0,235.0,235.65,150.0
2025-10-01,09:39:41.000,235.32,300.0,235.0,235.65,150.0
2025-10-01,09:39:42.000,234.85,375.0,234.5,235.2,450.0
2025-10-01,09:39:43.000,234.6,600.0,234.3,234.9,225.0
2025-10-01,09:39:44.000,234.6,600.0,234.3,234.9,225.0
2025-10-01,09:39:45.000,234.6,600.0,234.3,234.9,225.0
2025-10-01,09:39:46.000,234.6,600.0,234.3,234.9,225.0
2025-10-01,09:39:47.000,234.82,600.0,234.55,235.1,150.0
2025-10-01,09:39:48.000,234.98,675.0,234.65,235.3,150.0
2025-10-01,09:39:49.000,234.98,675.0,234.65,235.3,150.0
2025-10-01,09:39:50.000,234.85,75.0,234.55,235.15,450.0
2025-10-01,09:39:51.000,234.85,75.0,234.55,235.15,450.0
2025-10-01,09:39:52.000,234.6,900.0,234.3,234.9,150.0
2025-10-01,09:39:53.000,234.9,600.0,234.55,235.25,300.0
2025-10-01,09:39:54.000,234.9,600.0,234.55,235.25,300.0
2025-10-01,09:39:55.000,234.78,900.0,234.5,235.05,150.0
2025-10-01,09:39:56.000,234.78,900.0,234.5,235.05,150.0
2025-10-01,09:39:57.000,235.18,225.0,234.95,235.4,150.0
2025-10-01,09:39:58.000,235.4,150.0,235.1,235.7,600.0
2025-10-01,09:39:59.000,235.4,150.0,235.1,235.7,600.0
2025-10-01,09:40:00.000,235.35,1050.0,235.0,235.7,525.0
2025-10-01,09:40:01.000,235.35,1050.0,235.0,235.7,525.0
2025-10-01,09:40:02.000,235.0,600.0,234.7,235.3,150.0
2025-10-01,09:40:03.000,235.58,225.0,235.3,235.85,225.0
2025-10-01,09:40:04.000,235.58,225.0,235.3,235.85,225.0
2025-10-01,09:40:05.000,235.7,150.0,235.4,236.0,450.0
2025-10-01,09:40:06.000,235.7,150.0,235.4,236.0,450.0
2025-10-01,09:40:07.000,235.05,75.0,234.75,235.35,225.0
2025-10-01,09:40:08.000,235.2,450.0,235.0,235.4,150.0
2025-10-01,09:40:09.000,235.2,450.0,235.0,235.4,150.0
2025-10-01,09:40:10.000,235.18,225.0,234.95,235.4,150.0
2025-10-01,09:40:11.000,235.18,225.0,234.95,235.4,150.0
2025-10-01,09:40:12.000,235.05,75.0,234.85,235.25,150.0
2025-10-01,09:40:13.000,235.42,1275.0,235.1,235.75,75.0
2025-10-01,09:40:14.000,235.42,1275.0,235.1,235.75,75.0
2025-10-01,09:40:15.000,235.78,150.0,235.55,236.0,150.0
2025-10-01,09:40:16.000,236.05,225.0,235.8,236.3,150.0
2025-10-01,09:40:17.000,236.05,225.0,235.8,236.3,150.0
2025-10-01,09:40:18.000,236.2,75.0,235.95,236.45,150.0
2025-10-01,09:40:19.000,236.2,75.0,235.95,236.45,150.0
2025-10-01,09:40:20.000,236.22,75.0,235.95,236.5,150.0
2025-10-01,09:40:21.000,235.98,225.0,235.7,236.25,150.0
2025-10-01,09:40:22.000,235.98,225.0,235.7,236.25,150.0
2025-10-01,09:40:23.000,236.48,75.0,236.15,236.8,300.0
2025-10-01,09:40:24.000,236.48,75.0,236.15,236.8,300.0
2025-10-01,09:40:25.000,236.68,75.0,236.35,237.0,225.0
2025-10-01,09:40:26.000,236.62,300.0,236.3,236.95,975.0
2025-10-01,09:40:27.000,236.62,300.0,236.3,236.95,975.0
2025-10-01,09:40:28.000,236.82,1275.0,236.5,237.15,300.0
2025-10-01,09:40:29.000,236.82,1275.0,236.5,237.15,300.0
2025-10-01,09:40:30.000,237.02,600.0,236.7,237.35,300.0
2025-10-01,09:40:31.000,236.98,300.0,236.7,237.25,150.0
2025-10-01,09:40:32.000,236.98,300.0,236.7,237.25,150.0
2025-10-01,09:40:33.000,237.38,900.0,237.0,237.75,225.0
2025-10-01,09:40:34.000,237.38,900.0,237.0,237.75,225.0
2025-10-01,09:40:35.000,237.1,150.0,236.8,237.4,75.0
2025-10-01,09:40:36.000,237.12,75.0,237.0,237.25,150.0
2025-10-01,09:40:37.000,237.12,75.0,237.0,237.25,150.0
2025-10-01,09:40:38.000,237.27,450.0,237.1,237.45,75.0
2025-10-01,09:40:39.000,237.27,450.0,237.1,237.45,75.0
2025-10-01,09:40:40.000,237.65,75.0,237.35,237.95,375.0
2025-10-01,09:40:41.000,237.82,525.0,237.5,238.15,825.0
2025-10-01,09:40:42.000,237.82,525.0,237.5,238.15,825.0
2025-10-01,09:40:43.000,238.02,150.0,237.7,238.35,75.0
2025-10-01,09:40:44.000,238.02,150.0,237.7,238.35,75.0
2025-10-01,09:40:45.000,238.2,150.0,237.95,238.45,375.0
2025-10-01,09:40:46.000,237.18,75.0,237.0,237.35,600.0
2025-10-01,09:40:47.000,237.18,75.0,237.0,237.35,600.0
2025-10-01,09:40:48.000,236.6,75.0,236.5,236.7,375.0
2025-10-01,09:40:49.000,236.6,75.0,236.5,236.7,375.0
2025-10-01,09:40:50.000,235.98,300.0,235.75,236.2,150.0
2025-10-01,09:40:51.000,236.62,300.0,236.5,236.75,450.0
2025-10-01,09:40:52.000,236.62,300.0,236.5,236.75,450.0
2025-10-01,09:40:53.000,236.8,525.0,236.7,236.9,375.0
2025-10-01,09:40:54.000,236.8,525.0,236.7,236.9,375.0
2025-10-01,09:40:55.000,236.28,300.0,236.05,236.5,150.0
2025-10-01,09:40:56.000,235.9,375.0,235.7,236.1,150.0
2025-10-01,09:40:57.000,235.9,375.0,235.7,236.1,150.0
2025-10-01,09:40:58.000,236.4,450.0,236.05,236.75,525.0
2025-10-01,09:40:59.000,236.4,450.0,236.05,236.75,525.0
2025-10-01,09:41:00.000,236.22,75.0,235.95,236.5,150.0
2025-10-01,09:41:01.000,235.7,150.0,235.5,235.9,225.0
2025-10-01,09:41:02.000,235.7,150.0,235.5,235.9,225.0
2025-10-01,09:41:03.000,234.78,525.0,234.5,235.05,150.0
2025-10-01,09:41:04.000,234.78,525.0,234.5,235.05,150.0
2025-10-01,09:41:05.000,234.8,150.0,234.55,235.05,150.0
2025-10-01,09:41:06.000,234.8,75.0,234.5,235.1,300.0
2025-10-01,09:41:07.000,234.8,75.0,234.5,235.1,300.0
2025-10-01,09:41:08.000,235.27,375.0,234.95,235.6,450.0
2025-10-01,09:41:09.000,235.27,375.0,234.95,235.6,450.0
2025-10-01,09:41:10.000,234.95,75.0,234.8,235.1,225.0
2025-10-01,09:41:11.000,234.05,450.0,233.8,234.3,225.0
2025-10-01,09:41:12.000,234.05,450.0,233.8,234.3,225.0
2025-10-01,09:41:13.000,233.85,225.0,233.6,234.1,225.0
2025-10-01,09:41:14.000,233.85,225.0,233.6,234.1,225.0
2025-10-01,09:41:15.000,233.82,225.0,233.6,234.05,75.0
2025-10-01,09:41:16.000,233.48,75.0,233.3,233.65,75.0
2025-10-01,09:41:17.000,233.48,75.0,233.3,233.65,75.0
2025-10-01,09:41:18.000,233.78,150.0,233.55,234.0,300.0
2025-10-01,09:41:19.000,233.78,150.0,233.55,234.0,300.0
2025-10-01,09:41:20.000,233.75,450.0,233.5,234.0,300.0
2025-10-01,09:41:21.000,233.65,375.0,233.4,233.9,300.0
2025-10-01,09:41:22.000,233.65,375.0,233.4,233.9,300.0
2025-10-01,09:41:23.000,233.73,75.0,233.55,233.9,300.0
2025-10-01,09:41:24.000,234.42,75.0,234.15,234.7,300.0
2025-10-01,09:41:25.000,234.42,75.0,234.15,234.7,300.0
2025-10-01,09:41:26.000,234.4,150.0,234.1,234.7,450.0
2025-10-01,09:41:27.000,234.4,150.0,234.1,234.7,450.0
2025-10-01,09:41:28.000,234.82,75.0,234.5,235.15,1125.0
2025-10-01,09:41:29.000,234.65,150.0,234.3,235.0,375.0
2025-10-01,09:41:30.000,234.65,150.0,234.3,235.0,375.0
2025-10-01,09:41:31.000,234.58,225.0,234.25,234.9,75.0
2025-10-01,09:41:32.000,234.58,225.0,234.25,234.9,75.0
2025-10-01,09:41:33.000,235.2,75.0,234.9,235.5,525.0
2025-10-01,09:41:34.000,234.98,150.0,234.7,235.25,225.0
2025-10-01,09:41:35.000,234.98,150.0,234.7,235.25,225.0
2025-10-01,09:41:36.000,235.45,75.0,235.15,235.75,375.0
2025-10-01,09:41:37.000,235.45,75.0,235.15,235.75,375.0
2025-10-01,09:41:38.000,235.2,900.0,234.9,235.5,675.0
2025-10-01,09:41:39.000,235.2,900.0,234.9,235.5,675.0
2025-10-01,09:41:40.000,234.95,75.0,234.65,235.25,150.0
2025-10-01,09:41:41.000,234.32,225.0,233.95,234.7,75.0
2025-10-01,09:41:42.000,234.32,225.0,233.95,234.7,75.0
2025-10-01,09:41:43.000,234.6,450.0,234.25,234.95,825.0
2025-10-01,09:41:44.000,234.6,450.0,234.25,234.95,825.0
2025-10-01,09:41:45.000,234.85,75.0,234.5,235.2,1050.0
2025-10-01,09:41:46.000,234.88,225.0,234.5,235.25,600.0
2025-10-01,09:41:47.000,234.88,225.0,234.5,235.25,600.0
2025-10-01,09:41:48.000,234.9,75.0,234.55,235.25,900.0
2025-10-01,09:41:49.000,234.9,75.0,234.55,235.25,900.0
2025-10-01,09:41:50.000,235.08,225.0,234.7,235.45,300.0
2025-10-01,09:41:51.000,235.08,75.0,234.7,235.45,300.0
2025-10-01,09:41:52.000,235.08,75.0,234.7,235.45,300.0
2025-10-01,09:41:53.000,234.65,75.0,234.3,235.0,675.0
2025-10-01,09:41:54.000,234.65,75.0,234.3,235.0,675.0
2025-10-01,09:41:55.000,234.5,150.0,234.2,234.8,75.0
2025-10-01,09:41:56.000,234.7,75.0,234.4,235.0,150.0
2025-10-01,09:41:57.000,234.7,75.0,234.4,235.0,150.0
2025-10-01,09:41:58.000,234.35,450.0,234.0,234.7,1050.0
2025-10-01,09:41:59.000,234.35,450.0,234.0,234.7,1050.0
2025-10-01,09:42:00.000,234.2,225.0,234.0,234.4,675.0
2025-10-01,09:42:01.000,234.32,300.0,234.0,234.65,225.0
2025-10-01,09:42:02.000,234.32,300.0,234.0,234.65,225.0
2025-10-01,09:42:03.000,234.62,300.0,234.3,234.95,750.0
2025-10-01,09:42:04.000,234.62,300.0,234.3,234.95,750.0
2025-10-01,09:42:05.000,234.48,225.0,234.2,234.75,300.0
2025-10-01,09:42:06.000,234.25,525.0,234.0,234.5,225.0
2025-10-01,09:42:07.000,234.25,525.0,234.0,234.5,225.0
2025-10-01,09:42:08.000,234.25,300.0,234.0,234.5,525.0
2025-10-01,09:42:09.000,234.25,300.0,234.0,234.5,525.0
2025-10-01,09:42:10.000,234.25,225.0,234.0,234.5,1050.0
2025-10-01,09:42:11.000,234.28,150.0,234.05,234.5,975.0
2025-10-01,09:42:12.000,234.28,150.0,234.05,234.5,975.0
2025-10-01,09:42:13.000,234.25,150.0,234.05,234.45,750.0
2025-10-01,09:42:14.000,234.05,225.0,234.0,234.1,75.0
2025-10-01,09:42:15.000,234.05,225.0,234.0,234.1,75.0
2025-10-01,09:42:16.000,234.1,375.0,234.0,234.2,225.0
2025-10-01,09:42:17.000,234.1,375.0,234.0,234.2,225.0
2025-10-01,09:42:18.000,234.02,600.0,233.65,234.4,525.0
2025-10-01,09:42:19.000,233.5,1425.0,233.25,233.75,150.0
2025-10-01,09:42:20.000,233.5,1425.0,233.25,233.75,150.0
2025-10-01,09:42:21.000,233.7,300.0,233.4,234.0,450.0
2025-10-01,09:42:22.000,233.7,300.0,233.4,234.0,450.0
2025-10-01,09:42:23.000,232.38,75.0,232.25,232.5,225.0
2025-10-01,09:42:24.000,232.18,75.0,231.85,232.5,900.0
2025-10-01,09:42:25.000,232.18,75.0,231.85,232.5,900.0
2025-10-01,09:42:26.000,231.7,300.0,231.35,232.05,450.0
2025-10-01,09:42:27.000,231.7,300.0,231.35,232.05,450.0
2025-10-01,09:42:28.000,231.6,150.0,231.3,231.9,675.0
2025-10-01,09:42:29.000,231.9,750.0,231.6,232.2,150.0
2025-10-01,09:42:30.000,231.9,750.0,231.6,232.2,150.0
2025-10-01,09:42:31.000,231.92,300.0,231.7,232.15,75.0
2025-10-01,09:42:32.000,231.92,300.0,231.7,232.15,75.0
2025-10-01,09:42:33.000,231.9,75.0,231.65,232.15,300.0
2025-10-01,09:42:34.000,231.7,75.0,231.4,232.0,375.0
2025-10-01,09:42:35.000,231.7,75.0,231.4,232.0,375.0
2025-10-01,09:42:36.000,231.68,75.0,231.35,232.0,150.0
2025-10-01,09:42:37.000,231.68,75.0,231.35,232.0,150.0
2025-10-01,09:42:38.000,231.9,825.0,231.55,232.25,525.0
2025-10-01,09:42:39.000,231.7,150.0,231.5,231.9,600.0
2025-10-01,09:42:40.000,231.7,150.0,231.5,231.9,600.0
2025-10-01,09:42:41.000,230.82,225.0,230.6,231.05,150.0
2025-10-01,09:42:42.000,230.82,225.0,230.6,231.05,150.0
2025-10-01,09:42:43.000,231.12,375.0,230.8,231.45,300.0
2025-10-01,09:42:44.000,231.48,375.0,231.15,231.8,75.0
2025-10-01,09:42:45.000,231.48,375.0,231.15,231.8,75.0
2025-10-01,09:42:46.000,231.35,2100.0,231.0,231.7,525.0
2025-10-01,09:42:47.000,231.35,2100.0,231.0,231.7,525.0
2025-10-01,09:42:48.000,231.12,975.0,231.0,231.25,375.0
2025-10-01,09:42:49.000,231.52,75.0,231.2,231.85,900.0
2025-10-01,09:42:50.000,231.52,75.0,231.2,231.85,900.0
2025-10-01,09:42:51.000,231.45,375.0,231.15,231.75,225.0
2025-10-01,09:42:52.000,231.45,375.0,231.15,231.75,225.0
2025-10-01,09:42:53.000,231.28,1050.0,231.0,231.55,375.0
2025-10-01,09:42:54.000,231.32,75.0,231.15,231.5,300.0
2025-10-01,09:42:55.000,231.32,75.0,231.15,231.5,300.0
2025-10-01,09:42:56.000,231.88,300.0,231.45,232.3,600.0
2025-10-01,09:42:57.000,231.88,300.0,231.45,232.3,600.0
2025-10-01,09:42:58.000,231.4,75.0,231.15,231.65,450.0
2025-10-01,09:42:59.000,231.42,75.0,231.15,231.7,975.0
2025-10-01,09:43:00.000,231.42,75.0,231.15,231.7,975.0
2025-10-01,09:43:01.000,231.2,600.0,230.9,231.5,150.0
2025-10-01,09:43:02.000,231.2,600.0,230.9,231.5,150.0
2025-10-01,09:43:03.000,230.92,600.0,230.6,231.25,300.0
2025-10-01,09:43:04.000,231.48,75.0,231.2,231.75,150.0
2025-10-01,09:43:05.000,231.48,75.0,231.2,231.75,150.0
2025-10-01,09:43:06.000,231.42,150.0,231.1,231.75,300.0
2025-10-01,09:43:07.000,231.42,150.0,231.1,231.75,300.0
2025-10-01,09:43:08.000,231.22,75.0,230.95,231.5,225.0
2025-10-01,09:43:09.000,231.38,75.0,231.05,231.7,900.0
2025-10-01,09:43:10.000,231.38,75.0,231.05,231.7,900.0
2025-10-01,09:43:11.000,231.45,75.0,231.15,231.75,375.0
2025-10-01,09:43:12.000,231.45,75.0,231.15,231.75,375.0
2025-10-01,09:43:13.000,231.28,150.0,231.0,231.55,825.0
2025-10-01,09:43:14.000,231.58,150.0,231.3,231.85,300.0
2025-10-01,09:43:15.000,231.58,150.0,231.3,231.85,300.0
2025-10-01,09:43:16.000,231.28,525.0,231.0,231.55,300.0
2025-10-01,09:43:17.000,231.28,525.0,231.0,231.55,300.0
2025-10-01,09:43:18.000,230.88,225.0,230.6,231.15,525.0
2025-10-01,09:43:19.000,230.8,225.0,230.6,231.0,975.0
2025-10-01,09:43:20.000,230.8,225.0,230.6,231.0,975.0
2025-10-01,09:43:21.000,230.1,300.0,229.8,230.4,525.0
2025-10-01,09:43:22.000,230.1,300.0,229.8,230.4,525.0
2025-10-01,09:43:23.000,229.95,150.0,229.7,230.2,75.0
2025-10-01,09:43:24.000,230.15,150.0,229.85,230.45,75.0
2025-10-01,09:43:25.000,230.15,150.0,229.85,230.45,75.0
2025-10-01,09:43:26.000,230.15,150.0,230.0,230.3,375.0
2025-10-01,09:43:27.000,230.15,150.0,230.0,230.3,375.0
2025-10-01,09:43:28.000,230.12,300.0,229.8,230.45,600.0
2025-10-01,09:43:29.000,230.3,300.0,230.0,230.6,525.0
2025-10-01,09:43:30.000,230.3,300.0,230.0,230.6,525.0
2025-10-01,09:43:31.000,231.12,225.0,230.85,231.4,600.0
2025-10-01,09:43:32.000,231.12,225.0,230.85,231.4,600.0
2025-10-01,09:43:33.000,231.15,525.0,230.8,231.5,525.0
2025-10-01,09:43:34.000,230.9,150.0,230.6,231.2,75.0
2025-10-01,09:43:35.000,230.9,150.0,230.6,231.2,75.0
2025-10-01,09:43:36.000,230.75,225.0,230.5,231.0,450.0
2025-10-01,09:43:37.000,230.75,225.0,230.5,231.0,450.0
2025-10-01,09:43:38.000,231.1,150.0,231.0,231.2,75.0
2025-10-01,09:43:39.000,231.08,150.0,230.75,231.4,75.0
2025-10-01,09:43:40.000,231.08,150.0,230.75,231.4,75.0
2025-10-01,09:43:41.000,231.32,300.0,231.0,231.65,825.0
2025-10-01,09:43:42.000,231.42,375.0,231.1,231.75,525.0
2025-10-01,09:43:43.000,231.42,375.0,231.1,231.75,525.0
2025-10-01,09:43:44.000,230.85,375.0,230.5,231.2,900.0
2025-10-01,09:43:45.000,230.85,375.0,230.5,231.2,900.0
2025-10-01,09:43:46.000,230.85,75.0,230.6,231.1,300.0
2025-10-01,09:43:47.000,230.45,75.0,230.25,230.65,75.0
2025-10-01,09:43:48.000,230.45,75.0,230.25,230.65,75.0
2025-10-01,09:43:49.000,230.22,75.0,230.0,230.45,225.0
2025-10-01,09:43:50.000,230.22,75.0,230.0,230.45,225.0
2025-10-01,09:43:51.000,230.08,150.0,229.75,230.4,300.0
2025-10-01,09:43:52.000,230.6,75.0,230.35,230.85,300.0
2025-10-01,09:43:53.000,230.6,75.0,230.35,230.85,300.0
2025-10-01,09:43:54.000,230.2,75.0,229.9,230.5,525.0
2025-10-01,09:43:55.000,230.2,75.0,229.9,230.5,525.0
2025-10-01,09:43:56.000,229.2,750.0,228.85,229.55,300.0
2025-10-01,09:43:57.000,228.9,300.0,228.55,229.25,450.0
2025-10-01,09:43:58.000,228.9,300.0,228.55,229.25,450.0
2025-10-01,09:43:59.000,228.0,150.0,227.75,228.25,150.0
2025-10-01,09:44:00.000,228.0,150.0,227.75,228.25,150.0
2025-10-01,09:44:01.000,228.65,375.0,228.3,229.0,675.0
2025-10-01,09:44:02.000,228.9,150.0,228.6,229.2,75.0
2025-10-01,09:44:03.000,228.9,150.0,228.6,229.2,75.0
2025-10-01,09:44:04.000,228.62,75.0,228.35,228.9,75.0
2025-10-01,09:44:05.000,228.62,75.0,228.35,228.9,75.0
2025-10-01,09:44:06.000,227.75,150.0,227.5,228.0,300.0
2025-10-01,09:44:07.000,228.35,600.0,228.0,228.7,600.0
2025-10-01,09:44:08.000,228.35,600.0,228.0,228.7,600.0
2025-10-01,09:44:09.000,228.02,225.0,227.75,228.3,150.0
2025-10-01,09:44:10.000,228.02,225.0,227.75,228.3,150.0
2025-10-01,09:44:11.000,228.05,450.0,227.85,228.25,75.0
2025-10-01,09:44:12.000,228.05,450.0,227.85,228.25,1050.0
2025-10-01,09:44:13.000,228.05,450.0,227.85,228.25,1050.0
2025-10-01,09:44:14.000,227.95,450.0,227.85,228.05,150.0
2025-10-01,09:44:15.000,227.95,450.0,227.85,228.05,150.0
2025-10-01,09:44:16.000,227.7,150.0,227.55,227.85,75.0
2025-10-01,09:44:17.000,227.12,75.0,226.9,227.35,225.0
2025-10-01,09:44:18.000,227.12,75.0,226.9,227.35,225.0
2025-10-01,09:44:19.000,227.0,150.0,226.75,227.25,600.0
2025-10-01,09:44:20.000,227.0,150.0,226.75,227.25,600.0
2025-10-01,09:44:21.000,227.5,75.0,227.35,227.65,450.0
2025-10-01,09:44:22.000,227.22,300.0,226.95,227.5,75.0
2025-10-01,09:44:23.000,227.22,300.0,226.95,227.5,75.0
2025-10-01,09:44:24.000,226.8,900.0,226.55,227.05,150.0
2025-10-01,09:44:25.000,226.8,900.0,226.55,227.05,150.0
2025-10-01,09:44:26.000,226.22,300.0,226.0,226.45,300.0
2025-10-01,09:44:27.000,225.6,75.0,225.4,225.8,300.0
2025-10-01,09:44:28.000,225.6,75.0,225.4,225.8,300.0
2025-10-01,09:44:29.000,225.62,75.0,225.4,225.85,375.0
2025-10-01,09:44:30.000,225.62,75.0,225.4,225.85,375.0
2025-10-01,09:44:31.000,225.48,150.0,225.25,225.7,75.0
2025-10-01,09:44:32.000,225.9,150.0,225.7,226.1,225.0
2025-10-01,09:44:33.000,225.9,150.0,225.7,226.1,225.0
2025-10-01,09:44:34.000,226.4,150.0,226.15,226.65,225.0
2025-10-01,09:44:35.000,226.4,150.0,226.15,226.65,225.0
2025-10-01,09:44:36.000,226.12,150.0,225.85,226.4,300.0
2025-10-01,09:44:37.000,226.3,375.0,226.0,226.6,75.0
2025-10-01,09:44:38.000,226.3,375.0,226.0,226.6,75.0
2025-10-01,09:44:39.000,226.58,750.0,226.25,226.9,525.0
2025-10-01,09:44:40.000,226.58,750.0,226.25,226.9,525.0
2025-10-01,09:44:41.000,227.12,75.0,226.9,227.35,675.0
2025-10-01,09:44:42.000,227.25,75.0,227.0,227.5,1350.0
2025-10-01,09:44:43.000,227.25,75.0,227.0,227.5,1350.0
2025-10-01,09:44:44.000,227.38,75.0,227.25,227.5,450.0
2025-10-01,09:44:45.000,226.75,75.0,226.55,226.95,1125.0
2025-10-01,09:44:46.000,226.75,75.0,226.55,226.95,1125.0
2025-10-01,09:44:47.000,226.0,75.0,225.8,226.2,75.0
2025-10-01,09:44:48.000,226.0,75.0,225.8,226.2,75.0
2025-10-01,09:44:49.000,225.85,75.0,225.7,226.0,75.0
2025-10-01,09:44:50.000,226.15,300.0,225.85,226.45,375.0
2025-10-01,09:44:51.000,226.15,300.0,225.85,226.45,375.0
2025-10-01,09:44:52.000,226.48,375.0,226.15,226.8,600.0
2025-10-01,09:44:53.000,226.48,375.0,226.15,226.8,600.0
2025-10-01,09:44:54.000,226.65,75.0,226.35,226.95,450.0
2025-10-01,09:44:55.000,226.75,225.0,226.4,227.1,975.0
2025-10-01,09:44:56.000,226.75,225.0,226.4,227.1,975.0
2025-10-01,09:44:57.000,226.75,300.0,226.4,227.1,225.0
2025-10-01,09:44:58.000,226.75,300.0,226.4,227.1,225.0
2025-10-01,09:44:59.000,226.7,75.0,226.4,227.0,525.0
2025-10-01,09:45:00.000,227.08,150.0,226.8,227.35,300.0
2025-10-01,09:45:01.000,227.08,150.0,226.8,227.35,300.0
2025-10-01,09:45:02.000,227.38,150.0,227.05,227.7,375.0
2025-10-01,09:45:03.000,227.38,150.0,227.05,227.7,375.0
2025-10-01,09:45:04.000,227.8,450.0,227.5,228.1,75.0
2025-10-01,09:45:05.000,226.9,75.0,226.7,227.1,75.0
2025-10-01,09:45:06.000,226.9,75.0,226.7,227.1,75.0
2025-10-01,09:45:07.000,227.02,525.0,226.65,227.4,1125.0
