Date,Time,MID_PRICE,BID_SIZE,BID_PRICE,ASK_PRICE,ASK_SIZE
2025-10-01,09:15:00.000,265.7,150.0,252.65,278.75,150.0
2025-10-01,09:15:01.000,265.32,150.0,260.75,269.9,75.0
2025-10-01,09:15:02.000,263.38,225.0,260.0,266.75,75.0
2025-10-01,09:15:03.000,263.38,225.0,260.0,266.75,75.0
2025-10-01,09:15:04.000,262.9,225.0,261.3,264.5,225.0
2025-10-01,09:15:05.000,264.62,150.0,264.05,265.2,150.0
2025-10-01,09:15:06.000,265.65,225.0,264.35,266.95,225.0
2025-10-01,09:15:07.000,267.45,375.0,266.05,268.85,450.0
2025-10-01,09:15:08.000,268.68,225.0,266.55,270.8,525.0
2025-10-01,09:15:09.000,268.6,225.0,267.55,269.65,225.0
2025-10-01,09:15:10.000,268.6,225.0,267.55,269.65,225.0
2025-10-01,09:15:11.000,270.55,75.0,269.35,271.75,300.0
2025-10-01,09:15:12.000,268.62,150.0,268.5,268.75,150.0
2025-10-01,09:15:13.000,270.88,375.0,269.8,271.95,375.0
2025-10-01,09:15:14.000,272.23,225.0,271.4,273.05,375.0
2025-10-01,09:15:15.000,270.1,75.0,269.6,270.6,300.0
2025-10-01,09:15:16.000,270.1,75.0,269.6,270.6,300.0
2025-10-01,09:15:17.000,270.8,825.0,270.1,271.5,225.0
2025-10-01,09:15:18.000,272.65,300.0,271.9,273.4,600.0
2025-10-01,09:15:19.000,272.2,375.0,271.7,272.7,150.0
2025-10-01,09:15:20.000,270.55,75.0,270.0,271.1,150.0
2025-10-01,09:15:21.000,271.05,75.0,270.7,271.4,75.0
2025-10-01,09:15:22.000,271.05,75.0,270.7,271.4,75.0
2025-10-01,09:15:23.000,269.85,300.0,269.25,270.45,150.0
2025-10-01,09:15:24.000,269.7,150.0,269.25,270.15,300.0
2025-10-01,09:15:25.000,270.1,150.0,269.65,270.55,750.0
2025-10-01,09:15:26.000,269.7,750.0,269.25,270.15,150.0
2025-10-01,09:15:27.000,268.18,450.0,267.75,268.6,300.0
2025-10-01,09:15:28.000,267.48,75.0,267.1,267.85,150.0
2025-10-01,09:15:29.000,267.48,75.0,267.1,267.85,150.0
2025-10-01,09:15:30.000,267.48,225.0,267.0,267.95,225.0
2025-10-01,09:15:31.000,266.92,375.0,266.35,267.5,300.0
2025-10-01,09:15:32.000,267.82,150.0,267.15,268.5,1875.0
2025-10-01,09:15:33.000,267.65,525.0,267.25,268.05,525.0
2025-10-01,09:15:34.000,267.65,525.0,267.25,268.05,525.0
2025-10-01,09:15:35.000,267.5,300.0,267.25,267.75,525.0
2025-10-01,09:15:36.000,268.27,75.0,267.75,268.8,150.0
2025-10-01,09:15:37.000,267.15,150.0,267.05,267.25,150.0
2025-10-01,09:15:38.000,266.42,150.0,266.05,266.8,225.0
2025-10-01,09:15:39.000,267.23,225.0,266.8,267.65,225.0
2025-10-01,09:15:40.000,267.23,225.0,266.8,267.65,225.0
2025-10-01,09:15:41.000,267.6,675.0,267.3,267.9,150.0
2025-10-01,09:15:42.000,267.23,225.0,266.85,267.6,150.0
2025-10-01,09:15:43.000,265.8,375.0,265.4,266.2,300.0
2025-10-01,09:15:44.000,265.67,150.0,265.15,266.2,225.0
2025-10-01,09:15:45.000,265.62,225.0,265.3,265.95,150.0
2025-10-01,09:15:46.000,265.15,150.0,264.85,265.45,225.0
2025-10-01,09:15:47.000,265.38,300.0,265.1,265.65,525.0
2025-10-01,09:15:48.000,265.08,150.0,264.65,265.5,600.0
2025-10-01,09:15:49.000,265.08,150.0,264.65,265.5,600.0
2025-10-01,09:15:50.000,264.42,150.0,264.0,264.85,150.0
2025-10-01,09:15:51.000,264.27,150.0,263.85,264.7,225.0
2025-10-01,09:15:52.000,264.42,225.0,264.0,264.85,375.0
2025-10-01,09:15:53.000,263.77,150.0,263.45,264.1,150.0
2025-10-01,09:15:54.000,263.68,375.0,263.25,264.1,300.0
2025-10-01,09:15:55.000,263.68,375.0,263.25,264.1,300.0
2025-10-01,09:15:56.000,262.05,150.0,261.65,262.45,300.0
2025-10-01,09:15:57.000,263.2,75.0,263.0,263.4,150.0
2025-10-01,09:15:58.000,263.2,375.0,262.8,263.6,225.0
2025-10-01,09:15:59.000,262.5,150.0,262.05,262.95,150.0
2025-10-01,09:16:00.000,263.23,150.0,262.9,263.55,150.0
2025-10-01,09:16:01.000,261.67,375.0,261.2,262.15,150.0
2025-10-01,09:16:02.000,261.67,375.0,261.2,262.15,150.0
2025-10-01,09:16:03.000,260.88,225.0,260.4,261.35,375.0
2025-10-01,09:16:04.000,261.45,225.0,261.05,261.85,150.0
2025-10-01,09:16:05.000,262.0,75.0,261.55,262.45,150.0
2025-10-01,09:16:06.000,262.58,150.0,262.4,262.75,150.0
2025-10-01,09:16:07.000,262.58,150.0,262.4,262.75,150.0
2025-10-01,09:16:08.000,263.5,375.0,263.05,263.95,225.0
2025-10-01,09:16:09.000,263.58,375.0,263.2,263.95,225.0
2025-10-01,09:16:10.000,263.05,375.0,262.7,263.4,225.0
2025-10-01,09:16:11.000,262.77,375.0,262.4,263.15,300.0
2025-10-01,09:16:12.000,262.77,375.0,262.4,263.15,300.0
2025-10-01,09:16:13.000,262.62,225.0,262.3,262.95,225.0
2025-10-01,09:16:14.000,263.45,225.0,263.05,263.85,225.0
2025-10-01,09:16:15.000,263.35,225.0,263.0,263.7,225.0
2025-10-01,09:16:16.000,263.35,225.0,263.0,263.7,225.0
2025-10-01,09:16:17.000,262.68,750.0,262.3,263.05,300.0
2025-10-01,09:16:18.000,261.27,450.0,260.9,261.65,225.0
2025-10-01,09:16:19.000,261.38,450.0,261.05,261.7,225.0
2025-10-01,09:16:20.000,261.15,450.0,260.8,261.5,150.0
2025-10-01,09:16:21.000,261.25,75.0,260.9,261.6,1950.0
2025-10-01,09:16:22.000,261.25,75.0,260.9,261.6,1950.0
2025-10-01,09:16:23.000,260.9,225.0,260.45,261.35,75.0
2025-10-01,09:16:24.000,261.6,225.0,261.25,261.95,150.0
2025-10-01,09:16:25.000,261.3,150.0,260.95,261.65,150.0
2025-10-01,09:16:26.000,261.23,450.0,260.85,261.6,75.0
2025-10-01,09:16:27.000,261.9,225.0,261.45,262.35,150.0
2025-10-01,09:16:28.000,261.85,375.0,261.45,262.25,150.0
2025-10-01,09:16:29.000,261.85,375.0,261.45,262.25,150.0
2025-10-01,09:16:30.000,261.25,75.0,261.0,261.5,225.0
2025-10-01,09:16:31.000,261.1,375.0,260.85,261.35,75.0
2025-10-01,09:16:32.000,261.88,375.0,261.45,262.3,225.0
2025-10-01,09:16:33.000,261.7,225.0,261.35,262.05,225.0
2025-10-01,09:16:34.000,261.7,225.0,261.35,262.05,225.0
2025-10-01,09:16:35.000,261.27,300.0,260.9,261.65,150.0
2025-10-01,09:16:36.000,260.15,375.0,260.0,260.3,1800.0
2025-10-01,09:16:37.000,259.27,525.0,258.85,259.7,150.0
2025-10-01,09:16:38.000,258.73,225.0,258.4,259.05,300.0
2025-10-01,09:16:39.000,258.73,225.0,258.4,259.05,300.0
2025-10-01,09:16:40.000,258.73,150.0,258.35,259.1,300.0
2025-10-01,09:16:41.000,257.68,75.0,257.35,258.0,225.0
2025-10-01,09:16:42.000,257.23,150.0,257.1,257.35,75.0
2025-10-01,09:16:43.000,257.23,150.0,257.1,257.35,75.0
2025-10-01,09:16:44.000,258.45,225.0,258.2,258.7,150.0
2025-10-01,09:16:45.000,258.68,150.0,258.3,259.05,150.0
2025-10-01,09:16:46.000,259.45,450.0,259.2,259.7,225.0
2025-10-01,09:16:47.000,259.45,450.0,259.2,259.7,225.0
2025-10-01,09:16:48.000,257.88,975.0,257.55,258.2,300.0
2025-10-01,09:16:49.000,258.85,525.0,258.55,259.15,75.0
2025-10-01,09:16:50.000,258.75,75.0,258.45,259.05,150.0
2025-10-01,09:16:51.000,258.75,75.0,258.45,259.05,150.0
2025-10-01,09:16:52.000,259.58,375.0,259.3,259.85,225.0
2025-10-01,09:16:53.000,258.95,2250.0,258.6,259.3,75.0
2025-10-01,09:16:54.000,259.4,375.0,259.1,259.7,75.0
2025-10-01,09:16:55.000,258.68,525.0,258.3,259.05,1125.0
2025-10-01,09:16:56.000,258.68,525.0,258.3,259.05,1125.0
2025-10-01,09:16:57.000,259.02,600.0,258.6,259.45,300.0
2025-10-01,09:16:58.000,258.38,150.0,258.15,258.6,375.0
2025-10-01,09:16:59.000,258.92,300.0,258.6,259.25,225.0
2025-10-01,09:17:00.000,258.88,225.0,258.55,259.2,300.0
2025-10-01,09:17:01.000,258.88,225.0,258.55,259.2,300.0
2025-10-01,09:17:02.000,257.92,300.0,257.65,258.2,75.0
2025-10-01,09:17:03.000,257.75,450.0,257.45,258.05,225.0
2025-10-01,09:17:04.000,257.58,2025.0,257.15,258.0,375.0
2025-10-01,09:17:05.000,257.5,75.0,257.15,257.85,75.0
2025-10-01,09:17:06.000,257.5,75.0,257.15,257.85,75.0
2025-10-01,09:17:07.000,257.3,75.0,256.9,257.7,525.0
2025-10-01,09:17:08.000,257.15,75.0,256.8,257.5,150.0
2025-10-01,09:17:09.000,256.9,75.0,256.45,257.35,675.0
2025-10-01,09:17:10.000,256.3,225.0,255.9,256.7,150.0
2025-10-01,09:17:11.000,256.3,225.0,255.9,256.7,150.0
2025-10-01,09:17:12.000,257.38,75.0,257.0,257.75,150.0
2025-10-01,09:17:13.000,257.32,75.0,256.95,257.7,450.0
2025-10-01,09:17:14.000,257.92,75.0,257.55,258.3,225.0
2025-10-01,09:17:15.000,257.92,75.0,257.55,258.3,225.0
2025-10-01,09:17:16.000,258.25,75.0,258.0,258.5,1050.0
2025-10-01,09:17:17.000,258.6,225.0,258.3,258.9,75.0
2025-10-01,09:17:18.000,260.23,225.0,259.85,260.6,75.0
2025-10-01,09:17:19.000,258.8,375.0,258.45,259.15,225.0
2025-10-01,09:17:20.000,258.8,375.0,258.45,259.15,225.0
2025-10-01,09:17:21.000,259.8,375.0,259.5,260.1,225.0
2025-10-01,09:17:22.000,259.02,75.0,258.7,259.35,1425.0
2025-10-01,09:17:23.000,261.27,225.0,260.95,261.6,225.0
2025-10-01,09:17:24.000,261.27,225.0,260.95,261.6,225.0
2025-10-01,09:17:25.000,262.52,75.0,262.25,262.8,975.0
2025-10-01,09:17:26.000,261.98,375.0,261.65,262.3,150.0
2025-10-01,09:17:27.000,262.38,300.0,262.15,262.6,75.0
2025-10-01,09:17:28.000,262.38,300.0,262.15,262.6,75.0
2025-10-01,09:17:29.000,262.88,150.0,262.55,263.2,300.0
2025-10-01,09:17:30.000,263.48,75.0,263.15,263.8,300.0
2025-10-01,09:17:31.000,264.02,75.0,263.7,264.35,225.0
2025-10-01,09:17:32.000,264.02,75.0,263.7,264.35,225.0
2025-10-01,09:17:33.000,263.58,75.0,263.3,263.85,225.0
2025-10-01,09:17:34.000,263.12,75.0,262.8,263.45,75.0
2025-10-01,09:17:35.000,262.7,75.0,262.4,263.0,900.0
2025-10-01,09:17:36.000,263.52,525.0,263.15,263.9,75.0
2025-10-01,09:17:37.000,263.52,525.0,263.15,263.9,75.0
2025-10-01,09:17:38.000,264.3,225.0,263.95,264.65,75.0
2025-10-01,09:17:39.000,264.4,225.0,264.1,264.7,225.0
2025-10-01,09:17:40.000,264.82,375.0,264.45,265.2,225.0
2025-10-01,09:17:41.000,264.82,375.0,264.45,265.2,225.0
2025-10-01,09:17:42.000,265.38,375.0,265.05,265.7,225.0
2025-10-01,09:17:43.000,265.4,225.0,265.1,265.7,75.0
2025-10-01,09:17:44.000,264.65,75.0,264.4,264.9,75.0
2025-10-01,09:17:45.000,264.65,75.0,264.4,264.9,75.0
2025-10-01,09:17:46.000,265.02,225.0,264.6,265.45,225.0
2025-10-01,09:17:47.000,263.68,375.0,263.3,264.05,225.0
2025-10-01,09:17:48.000,262.68,975.0,262.3,263.05,375.0
2025-10-01,09:17:49.000,262.68,975.0,262.3,263.05,375.0
2025-10-01,09:17:50.000,263.18,225.0,262.85,263.5,150.0
2025-10-01,09:17:51.000,262.8,375.0,262.45,263.15,300.0
2025-10-01,09:17:52.000,263.52,375.0,263.35,263.7,150.0
2025-10-01,09:17:53.000,263.52,375.0,263.35,263.7,150.0
2025-10-01,09:17:54.000,264.45,375.0,264.1,264.8,225.0
2025-10-01,09:17:55.000,264.73,75.0,264.4,265.05,225.0
2025-10-01,09:17:56.000,264.88,75.0,264.6,265.15,225.0
2025-10-01,09:17:57.000,264.88,75.0,264.6,265.15,225.0
2025-10-01,09:17:58.000,265.5,375.0,265.1,265.9,300.0
2025-10-01,09:17:59.000,266.82,75.0,266.4,267.25,600.0
2025-10-01,09:18:00.000,267.3,225.0,266.9,267.7,300.0
2025-10-01,09:18:01.000,267.3,225.0,266.9,267.7,300.0
2025-10-01,09:18:02.000,266.15,300.0,265.75,266.55,225.0
2025-10-01,09:18:03.000,265.23,75.0,265.0,265.45,225.0
2025-10-01,09:18:04.000,264.73,300.0,264.3,265.15,375.0
2025-10-01,09:18:05.000,264.73,300.0,264.3,265.15,375.0
2025-10-01,09:18:06.000,265.82,375.0,265.45,266.2,300.0
2025-10-01,09:18:07.000,264.35,300.0,263.95,264.75,300.0
2025-10-01,09:18:08.000,264.6,225.0,264.3,264.9,75.0
2025-10-01,09:18:09.000,264.6,75.0,264.25,264.95,225.0
2025-10-01,09:18:10.000,264.6,75.0,264.25,264.95,225.0
2025-10-01,09:18:11.000,264.45,150.0,264.1,264.8,225.0
2025-10-01,09:18:12.000,265.1,75.0,264.75,265.45,225.0
2025-10-01,09:18:13.000,264.95,225.0,264.6,265.3,300.0
2025-10-01,09:18:14.000,264.95,225.0,264.6,265.3,300.0
2025-10-01,09:18:15.000,265.0,150.0,264.7,265.3,75.0
2025-10-01,09:18:16.000,265.6,75.0,265.4,265.8,75.0
2025-10-01,09:18:17.000,265.58,75.0,265.3,265.85,225.0
2025-10-01,09:18:18.000,265.62,150.0,265.35,265.9,75.0
2025-10-01,09:18:19.000,265.62,150.0,265.35,265.9,75.0
2025-10-01,09:18:20.000,265.73,75.0,265.5,265.95,225.0
2025-10-01,09:18:21.000,264.18,300.0,263.8,264.55,300.0
2025-10-01,09:18:22.000,264.3,75.0,264.0,264.6,150.0
2025-10-01,09:18:23.000,264.3,75.0,264.0,264.6,150.0
2025-10-01,09:18:24.000,264.1,75.0,263.8,264.4,450.0
2025-10-01,09:18:25.000,263.82,225.0,263.5,264.15,150.0
2025-10-01,09:18:26.000,264.55,225.0,264.25,264.85,225.0
2025-10-01,09:18:27.000,264.55,225.0,264.25,264.85,225.0
2025-10-01,09:18:28.000,263.82,75.0,263.4,264.25,225.0
2025-10-01,09:18:29.000,263.35,75.0,263.05,263.65,225.0
2025-10-01,09:18:30.000,263.25,300.0,262.85,263.65,150.0
2025-10-01,09:18:31.000,263.27,450.0,262.85,263.7,525.0
2025-10-01,09:18:32.000,263.27,450.0,262.85,263.7,525.0
2025-10-01,09:18:33.000,262.25,375.0,261.85,262.65,450.0
2025-10-01,09:18:34.000,262.52,525.0,262.1,262.95,225.0
2025-10-01,09:18:35.000,263.12,825.0,262.65,263.6,150.0
2025-10-01,09:18:36.000,263.12,825.0,262.65,263.6,150.0
2025-10-01,09:18:37.000,263.0,75.0,262.75,263.25,150.0
2025-10-01,09:18:38.000,263.5,975.0,263.1,263.9,75.0
2025-10-01,09:18:39.000,263.2,75.0,262.95,263.45,75.0
2025-10-01,09:18:40.000,263.2,75.0,262.95,263.45,75.0
2025-10-01,09:18:41.000,263.8,675.0,263.4,264.2,300.0
2025-10-01,09:18:42.000,264.05,75.0,263.75,264.35,225.0
2025-10-01,09:18:43.000,264.05,75.0,263.75,264.35,225.0
2025-10-01,09:18:44.000,264.45,75.0,264.1,264.8,300.0
2025-10-01,09:18:45.000,264.1,75.0,263.8,264.4,75.0
2025-10-01,09:18:46.000,264.1,75.0,263.8,264.4,75.0
2025-10-01,09:18:47.000,263.32,75.0,263.0,263.65,450.0
2025-10-01,09:18:48.000,263.32,75.0,263.0,263.65,450.0
2025-10-01,09:18:49.000,263.38,525.0,263.05,263.7,300.0
2025-10-01,09:18:50.000,263.08,225.0,262.7,263.45,375.0
2025-10-01,09:18:51.000,263.08,225.0,262.7,263.45,375.0
2025-10-01,09:18:52.000,263.15,150.0,262.85,263.45,225.0
2025-10-01,09:18:53.000,263.15,150.0,262.85,263.45,225.0
2025-10-01,09:18:54.000,262.12,675.0,261.8,262.45,75.0
2025-10-01,09:18:55.000,262.1,375.0,261.8,262.4,375.0
2025-10-01,09:18:56.000,262.1,375.0,261.8,262.4,375.0
2025-10-01,09:18:57.000,262.45,75.0,262.15,262.75,375.0
2025-10-01,09:18:58.000,262.45,75.0,262.15,262.75,375.0
2025-10-01,09:18:59.000,261.18,450.0,261.0,261.35,225.0
2025-10-01,09:19:00.000,261.35,150.0,261.0,261.7,750.0
2025-10-01,09:19:01.000,261.35,150.0,261.0,261.7,750.0
2025-10-01,09:19:02.000,260.55,300.0,260.25,260.85,75.0
2025-10-01,09:19:03.000,260.55,300.0,260.25,260.85,75.0
2025-10-01,09:19:04.000,261.12,75.0,260.9,261.35,300.0
2025-10-01,09:19:05.000,260.23,75.0,260.05,260.4,375.0
2025-10-01,09:19:06.000,260.23,75.0,260.05,260.4,375.0
2025-10-01,09:19:07.000,260.7,75.0,260.4,261.0,450.0
2025-10-01,09:19:08.000,260.7,75.0,260.4,261.0,450.0
2025-10-01,09:19:09.000,260.88,525.0,260.5,261.25,150.0
2025-10-01,09:19:10.000,260.23,150.0,260.05,260.4,150.0
2025-10-01,09:19:11.000,260.23,150.0,260.05,260.4,150.0
2025-10-01,09:19:12.000,259.77,225.0,259.5,260.05,225.0
2025-10-01,09:19:13.000,259.77,225.0,259.5,260.05,225.0
2025-10-01,09:19:14.000,260.08,525.0,259.7,260.45,225.0
2025-10-01,09:19:15.000,259.83,75.0,259.55,260.1,225.0
2025-10-01,09:19:16.000,259.83,75.0,259.55,260.1,225.0
2025-10-01,09:19:17.000,260.58,375.0,260.2,260.95,150.0
2025-10-01,09:19:18.000,260.58,375.0,260.2,260.95,150.0
2025-10-01,09:19:19.000,259.55,375.0,259.25,259.85,300.0
2025-10-01,09:19:20.000,258.58,450.0,258.25,258.9,300.0
2025-10-01,09:19:21.000,258.58,450.0,258.25,258.9,300.0
2025-10-01,09:19:22.000,258.92,300.0,258.65,259.2,75.0
2025-10-01,09:19:23.000,258.92,300.0,258.65,259.2,75.0
2025-10-01,09:19:24.000,258.8,75.0,258.55,259.05,75.0
2025-10-01,09:19:25.000,258.9,75.0,258.75,259.05,75.0
2025-10-01,09:19:26.000,258.9,75.0,258.75,259.05,75.0
2025-10-01,09:19:27.000,260.52,375.0,260.2,260.85,75.0
2025-10-01,09:19:28.000,260.52,375.0,260.2,260.85,75.0
2025-10-01,09:19:29.000,260.85,225.0,260.65,261.05,75.0
2025-10-01,09:19:30.000,261.9,225.0,261.55,262.25,225.0
2025-10-01,09:19:31.000,261.9,225.0,261.55,262.25,225.0
2025-10-01,09:19:32.000,261.55,525.0,261.1,262.0,375.0
2025-10-01,09:19:33.000,261.55,525.0,261.1,262.0,375.0
2025-10-01,09:19:34.000,261.58,225.0,261.2,261.95,225.0
2025-10-01,09:19:35.000,260.73,150.0,260.35,261.1,300.0
2025-10-01,09:19:36.000,260.73,150.0,260.35,261.1,300.0
2025-10-01,09:19:37.000,261.65,300.0,261.3,262.0,75.0
2025-10-01,09:19:38.000,261.65,300.0,261.3,262.0,75.0
2025-10-01,09:19:39.000,261.5,75.0,261.15,261.85,300.0
2025-10-01,09:19:40.000,261.92,300.0,261.55,262.3,75.0
2025-10-01,09:19:41.000,261.92,300.0,261.55,262.3,75.0
2025-10-01,09:19:42.000,261.95,300.0,261.6,262.3,75.0
2025-10-01,09:19:43.000,261.95,300.0,261.6,262.3,75.0
2025-10-01,09:19:44.000,261.98,75.0,261.6,262.35,225.0
2025-10-01,09:19:45.000,263.4,300.0,263.05,263.75,300.0
2025-10-01,09:19:46.000,263.4,300.0,263.05,263.75,300.0
2025-10-01,09:19:47.000,261.85,300.0,261.55,262.15,375.0
2025-10-01,09:19:48.000,261.85,300.0,261.55,262.15,375.0
2025-10-01,09:19:49.000,260.68,300.0,260.3,261.05,375.0
2025-10-01,09:19:50.000,260.88,75.0,260.55,261.2,300.0
2025-10-01,09:19:51.000,260.88,75.0,260.55,261.2,300.0
2025-10-01,09:19:52.000,260.0,150.0,259.7,260.3,75.0
2025-10-01,09:19:53.000,260.0,150.0,259.7,260.3,75.0
2025-10-01,09:19:54.000,259.48,150.0,259.25,259.7,75.0
2025-10-01,09:19:55.000,259.88,300.0,259.55,260.2,150.0
2025-10-01,09:19:56.000,259.88,300.0,259.55,260.2,150.0
2025-10-01,09:19:57.000,258.6,375.0,258.3,258.9,375.0
2025-10-01,09:19:58.000,258.6,375.0,258.3,258.9,375.0
2025-10-01,09:19:59.000,257.83,75.0,257.6,258.05,75.0
2025-10-01,09:20:00.000,257.4,375.0,257.0,257.8,450.0
2025-10-01,09:20:01.000,257.4,375.0,257.0,257.8,450.0
2025-10-01,09:20:02.000,257.2,375.0,256.8,257.6,75.0
2025-10-01,09:20:03.000,257.2,375.0,256.8,257.6,75.0
2025-10-01,09:20:04.000,256.52,150.0,256.25,256.8,75.0
2025-10-01,09:20:05.000,256.75,75.0,256.35,257.15,300.0
2025-10-01,09:20:06.000,256.75,75.0,256.35,257.15,300.0
2025-10-01,09:20:07.000,256.85,75.0,256.7,257.0,300.0
2025-10-01,09:20:08.000,256.85,75.0,256.7,257.0,300.0
2025-10-01,09:20:09.000,256.73,225.0,256.4,257.05,75.0
2025-10-01,09:20:10.000,256.55,75.0,256.4,256.7,150.0
2025-10-01,09:20:11.000,256.55,75.0,256.4,256.7,150.0
2025-10-01,09:20:12.000,255.55,750.0,255.25,255.85,150.0
2025-10-01,09:20:13.000,255.35,300.0,255.05,255.65,150.0
2025-10-01,09:20:14.000,255.35,300.0,255.05,255.65,150.0
2025-10-01,09:20:15.000,255.05,525.0,255.0,255.1,225.0
2025-10-01,09:20:16.000,255.05,525.0,255.0,255.1,225.0
2025-10-01,09:20:17.000,255.15,225.0,254.8,255.5,225.0
2025-10-01,09:20:18.000,255.25,75.0,254.95,255.55,300.0
2025-10-01,09:20:19.000,255.25,75.0,254.95,255.55,300.0
2025-10-01,09:20:20.000,253.45,75.0,253.15,253.75,150.0
2025-10-01,09:20:21.000,253.45,75.0,253.15,253.75,150.0
2025-10-01,09:20:22.000,254.35,225.0,254.0,254.7,75.0
2025-10-01,09:20:23.000,254.1,225.0,253.8,254.4,225.0
2025-10-01,09:20:24.000,254.1,225.0,253.8,254.4,225.0
2025-10-01,09:20:25.000,254.12,450.0,253.75,254.5,600.0
2025-10-01,09:20:26.000,253.78,75.0,253.4,254.15,75.0
2025-10-01,09:20:27.000,253.78,75.0,253.4,254.15,75.0
2025-10-01,09:20:28.000,253.68,150.0,253.3,254.05,225.0
2025-10-01,09:20:29.000,253.68,150.0,253.3,254.05,225.0
2025-10-01,09:20:30.000,254.35,450.0,254.05,254.65,150.0
2025-10-01,09:20:31.000,254.82,300.0,254.45,255.2,150.0
2025-10-01,09:20:32.000,254.82,300.0,254.45,255.2,150.0
2025-10-01,09:20:33.000,255.52,150.0,255.25,255.8,150.0
2025-10-01,09:20:34.000,255.78,225.0,255.5,256.05,75.0
2025-10-01,09:20:35.000,255.78,225.0,255.5,256.05,75.0
2025-10-01,09:20:36.000,256.08,225.0,255.95,256.2,150.0
2025-10-01,09:20:37.000,255.32,225.0,255.0,255.65,75.0
2025-10-01,09:20:38.000,255.32,225.0,255.0,255.65,75.0
2025-10-01,09:20:39.000,254.58,300.0,254.25,254.9,375.0
2025-10-01,09:20:40.000,254.58,300.0,254.25,254.9,375.0
2025-10-01,09:20:41.000,255.58,600.0,255.25,255.9,75.0
2025-10-01,09:20:42.000,256.45,75.0,256.1,256.8,75.0
2025-10-01,09:20:43.000,256.45,75.0,256.1,256.8,75.0
2025-10-01,09:20:44.000,256.88,75.0,256.6,257.15,225.0
2025-10-01,09:20:45.000,256.88,75.0,256.6,257.15,225.0
2025-10-01,09:20:46.000,256.38,225.0,256.05,256.7,300.0
2025-10-01,09:20:47.000,255.73,225.0,255.4,256.05,225.0
2025-10-01,09:20:48.000,255.73,225.0,255.4,256.05,225.0
2025-10-01,09:20:49.000,256.88,75.0,256.55,257.2,150.0
2025-10-01,09:20:50.000,256.9,225.0,256.55,257.25,75.0
2025-10-01,09:20:51.000,256.9,225.0,256.55,257.25,75.0
2025-10-01,09:20:52.000,256.38,450.0,256.05,256.7,300.0
2025-10-01,09:20:53.000,256.38,450.0,256.05,256.7,300.0
2025-10-01,09:20:54.000,258.18,300.0,257.85,258.5,150.0
2025-10-01,09:20:55.000,258.58,75.0,258.2,258.95,525.0
2025-10-01,09:20:56.000,258.58,75.0,258.2,258.95,525.0
2025-10-01,09:20:57.000,259.95,300.0,259.55,260.35,225.0
2025-10-01,09:20:58.000,259.95,300.0,259.55,260.35,225.0
2025-10-01,09:20:59.000,259.48,600.0,259.35,259.6,225.0
2025-10-01,09:21:00.000,259.8,150.0,259.5,260.1,300.0
2025-10-01,09:21:01.000,259.8,150.0,259.5,260.1,300.0
2025-10-01,09:21:02.000,258.82,150.0,258.45,259.2,300.0
2025-10-01,09:21:03.000,258.82,150.0,258.45,259.2,300.0
2025-10-01,09:21:04.000,258.27,150.0,258.0,258.55,450.0
2025-10-01,09:21:05.000,257.88,300.0,257.75,258.0,150.0
2025-10-01,09:21:06.000,257.88,300.0,257.75,258.0,150.0
2025-10-01,09:21:07.000,258.12,75.0,257.95,258.3,150.0
2025-10-01,09:21:08.000,258.12,75.0,257.95,258.3,150.0
2025-10-01,09:21:09.000,258.73,375.0,258.3,259.15,75.0
2025-10-01,09:21:10.000,258.95,450.0,258.8,259.1,225.0
2025-10-01,09:21:11.000,258.95,450.0,258.8,259.1,225.0
2025-10-01,09:21:12.000,258.48,525.0,258.2,258.75,225.0
2025-10-01,09:21:13.000,258.48,525.0,258.2,258.75,225.0
2025-10-01,09:21:14.000,259.25,75.0,258.85,259.65,75.0
2025-10-01,09:21:15.000,259.68,450.0,259.5,259.85,225.0
2025-10-01,09:21:16.000,259.68,450.0,259.5,259.85,225.0
2025-10-01,09:21:17.000,261.42,225.0,261.3,261.55,600.0
2025-10-01,09:21:18.000,261.42,225.0,261.3,261.55,600.0
2025-10-01,09:21:19.000,260.98,300.0,260.55,261.4,75.0
2025-10-01,09:21:20.000,260.35,300.0,260.05,260.65,375.0
2025-10-01,09:21:21.000,260.35,300.0,260.05,260.65,375.0
2025-10-01,09:21:22.000,259.3,75.0,258.95,259.65,300.0
2025-10-01,09:21:23.000,259.3,75.0,258.95,259.65,300.0
2025-10-01,09:21:24.000,258.95,75.0,258.6,259.3,450.0
2025-10-01,09:21:25.000,257.88,525.0,257.55,258.2,300.0
2025-10-01,09:21:26.000,257.88,525.0,257.55,258.2,300.0
2025-10-01,09:21:27.000,257.35,225.0,257.05,257.65,150.0
2025-10-01,09:21:28.000,257.35,225.0,257.05,257.65,150.0
2025-10-01,09:21:29.000,256.9,150.0,256.75,257.05,225.0
2025-10-01,09:21:30.000,256.92,75.0,256.6,257.25,150.0
2025-10-01,09:21:31.000,256.92,75.0,256.6,257.25,150.0
2025-10-01,09:21:32.000,257.35,75.0,257.15,257.55,225.0
2025-10-01,09:21:33.000,257.35,75.0,257.15,257.55,225.0
2025-10-01,09:21:34.000,257.82,225.0,257.75,257.9,225.0
2025-10-01,09:21:35.000,257.73,150.0,257.5,257.95,300.0
2025-10-01,09:21:36.000,257.73,150.0,257.5,257.95,300.0
2025-10-01,09:21:37.000,257.55,300.0,257.5,257.6,225.0
2025-10-01,09:21:38.000,257.55,300.0,257.5,257.6,225.0
2025-10-01,09:21:39.000,258.7,75.0,258.4,259.0,225.0
2025-10-01,09:21:40.000,258.25,75.0,258.05,258.45,225.0
2025-10-01,09:21:41.000,258.25,75.0,258.05,258.45,225.0
2025-10-01,09:21:42.000,258.7,825.0,258.3,259.1,375.0
2025-10-01,09:21:43.000,258.7,825.0,258.3,259.1,375.0
2025-10-01,09:21:44.000,258.73,150.0,258.55,258.9,150.0
2025-10-01,09:21:45.000,258.18,75.0,258.0,258.35,225.0
2025-10-01,09:21:46.000,258.18,75.0,258.0,258.35,225.0
2025-10-01,09:21:47.000,258.77,225.0,258.45,259.1,75.0
2025-10-01,09:21:48.000,258.77,225.0,258.45,259.1,75.0
2025-10-01,09:21:49.000,259.08,225.0,258.75,259.4,525.0
2025-10-01,09:21:50.000,259.23,75.0,259.05,259.4,225.0
2025-10-01,09:21:51.000,259.23,75.0,259.05,259.4,225.0
2025-10-01,09:21:52.000,259.02,225.0,258.7,259.35,225.0
2025-10-01,09:21:53.000,259.02,225.0,258.7,259.35,225.0
2025-10-01,09:21:54.000,258.75,75.0,258.5,259.0,300.0
2025-10-01,09:21:55.000,258.92,525.0,258.55,259.3,225.0
2025-10-01,09:21:56.000,258.92,525.0,258.55,259.3,225.0
2025-10-01,09:21:57.000,259.48,375.0,259.35,259.6,225.0
2025-10-01,09:21:58.000,259.48,375.0,259.35,259.6,225.0
2025-10-01,09:21:59.000,260.05,75.0,259.85,260.25,450.0
2025-10-01,09:22:00.000,261.1,75.0,260.95,261.25,225.0
2025-10-01,09:22:01.000,261.1,75.0,260.95,261.25,225.0
2025-10-01,09:22:02.000,261.5,375.0,261.25,261.75,75.0
2025-10-01,09:22:03.000,261.5,375.0,261.25,261.75,75.0
2025-10-01,09:22:04.000,261.1,225.0,261.0,261.2,75.0
2025-10-01,09:22:05.000,261.92,450.0,261.85,262.0,75.0
2025-10-01,09:22:06.000,261.92,450.0,261.85,262.0,75.0
2025-10-01,09:22:07.000,261.82,75.0,261.5,262.15,150.0
2025-10-01,09:22:08.000,261.82,75.0,261.5,262.15,150.0
2025-10-01,09:22:09.000,261.52,150.0,261.3,261.75,300.0
2025-10-01,09:22:10.000,260.23,75.0,260.0,260.45,300.0
2025-10-01,09:22:11.000,260.23,75.0,260.0,260.45,300.0
2025-10-01,09:22:12.000,261.15,150.0,261.0,261.3,225.0
2025-10-01,09:22:13.000,261.15,150.0,261.0,261.3,225.0
2025-10-01,09:22:14.000,261.32,1275.0,261.25,261.4,225.0
2025-10-01,09:22:15.000,261.4,900.0,261.05,261.75,75.0
2025-10-01,09:22:16.000,261.4,900.0,261.05,261.75,75.0
2025-10-01,09:22:17.000,261.75,75.0,261.5,262.0,450.0
2025-10-01,09:22:18.000,261.75,75.0,261.5,262.0,450.0
2025-10-01,09:22:19.000,262.35,75.0,261.95,262.75,825.0
2025-10-01,09:22:20.000,261.88,300.0,261.5,262.25,450.0
2025-10-01,09:22:21.000,261.88,300.0,261.5,262.25,450.0
2025-10-01,09:22:22.000,262.27,375.0,261.95,262.6,450.0
2025-10-01,09:22:23.000,262.27,375.0,261.95,262.6,450.0
2025-10-01,09:22:24.000,262.12,300.0,261.8,262.45,75.0
2025-10-01,09:22:25.000,262.2,75.0,261.95,262.45,75.0
2025-10-01,09:22:26.000,262.2,75.0,261.95,262.45,75.0
2025-10-01,09:22:27.000,262.0,75.0,261.7,262.3,300.0
2025-10-01,09:22:28.000,261.62,525.0,261.25,262.0,75.0
2025-10-01,09:22:29.000,261.62,525.0,261.25,262.0,75.0
2025-10-01,09:22:30.000,261.32,600.0,261.2,261.45,300.0
2025-10-01,09:22:31.000,261.32,600.0,261.2,261.45,300.0
2025-10-01,09:22:32.000,261.42,75.0,261.35,261.5,450.0
2025-10-01,09:22:33.000,261.27,375.0,261.15,261.4,75.0
2025-10-01,09:22:34.000,261.27,375.0,261.15,261.4,75.0
2025-10-01,09:22:35.000,260.88,150.0,260.5,261.25,75.0
2025-10-01,09:22:36.000,260.88,150.0,260.5,261.25,75.0
2025-10-01,09:22:37.000,260.75,300.0,260.55,260.95,75.0
2025-10-01,09:22:38.000,260.18,900.0,259.8,260.55,300.0
2025-10-01,09:22:39.000,260.18,900.0,259.8,260.55,300.0
2025-10-01,09:22:40.000,260.95,75.0,260.85,261.05,450.0
2025-10-01,09:22:41.000,260.95,75.0,260.85,261.05,450.0
2025-10-01,09:22:42.000,260.85,150.0,260.5,261.2,450.0
2025-10-01,09:22:43.000,260.75,450.0,260.4,261.1,375.0
2025-10-01,09:22:44.000,260.75,450.0,260.4,261.1,375.0
2025-10-01,09:22:45.000,261.48,450.0,261.2,261.75,75.0
2025-10-01,09:22:46.000,261.48,450.0,261.2,261.75,75.0
2025-10-01,09:22:47.000,261.55,525.0,261.2,261.9,225.0
2025-10-01,09:22:48.000,261.25,1050.0,260.9,261.6,75.0
2025-10-01,09:22:49.000,261.25,1050.0,260.9,261.6,75.0
2025-10-01,09:22:50.000,261.48,600.0,261.15,261.8,150.0
2025-10-01,09:22:51.000,261.48,600.0,261.15,261.8,150.0
2025-10-01,09:22:52.000,261.1,75.0,260.85,261.35,300.0
2025-10-01,09:22:53.000,261.08,300.0,260.85,261.3,75.0
2025-10-01,09:22:54.000,261.08,300.0,260.85,261.3,75.0
2025-10-01,09:22:55.000,259.92,75.0,259.6,260.25,225.0
2025-10-01,09:22:56.000,259.92,75.0,259.6,260.25,225.0
2025-10-01,09:22:57.000,259.9,375.0,259.6,260.2,1275.0
2025-10-01,09:22:58.000,258.33,300.0,258.05,258.6,225.0
2025-10-01,09:22:59.000,258.33,300.0,258.05,258.6,225.0
2025-10-01,09:23:00.000,259.82,225.0,259.5,260.15,225.0
2025-10-01,09:23:01.000,259.82,225.0,259.5,260.15,225.0
2025-10-01,09:23:02.000,259.25,75.0,258.95,259.55,525.0
2025-10-01,09:23:03.000,259.6,300.0,259.35,259.85,150.0
2025-10-01,09:23:04.000,259.6,300.0,259.35,259.85,150.0
2025-10-01,09:23:05.000,258.48,75.0,258.25,258.7,225.0
2025-10-01,09:23:06.000,258.48,75.0,258.25,258.7,225.0
2025-10-01,09:23:07.000,259.42,375.0,259.2,259.65,75.0
2025-10-01,09:23:08.000,259.88,150.0,259.6,260.15,150.0
2025-10-01,09:23:09.000,259.88,150.0,259.6,260.15,150.0
2025-10-01,09:23:10.000,258.4,525.0,258.05,258.75,300.0
2025-10-01,09:23:11.000,258.4,525.0,258.05,258.75,300.0
2025-10-01,09:23:12.000,259.0,225.0,258.65,259.35,600.0
2025-10-01,09:23:13.000,260.4,675.0,260.05,260.75,75.0
2025-10-01,09:23:14.000,260.4,675.0,260.05,260.75,75.0
2025-10-01,09:23:15.000,260.48,75.0,260.25,260.7,300.0
2025-10-01,09:23:16.000,260.48,75.0,260.25,260.7,300.0
2025-10-01,09:23:17.000,261.7,525.0,261.4,262.0,225.0
2025-10-01,09:23:18.000,262.12,75.0,261.8,262.45,75.0
2025-10-01,09:23:19.000,262.12,75.0,261.8,262.45,75.0
2025-10-01,09:23:20.000,262.1,75.0,261.9,262.3,300.0
2025-10-01,09:23:21.000,262.1,75.0,261.9,262.3,300.0
2025-10-01,09:23:22.000,261.4,300.0,261.05,261.75,75.0
2025-10-01,09:23:23.000,261.38,825.0,261.0,261.75,525.0
2025-10-01,09:23:24.000,261.38,825.0,261.0,261.75,525.0
2025-10-01,09:23:25.000,260.73,525.0,260.5,260.95,225.0
2025-10-01,09:23:26.000,260.73,525.0,260.5,260.95,225.0
2025-10-01,09:23:27.000,259.9,450.0,259.6,260.2,75.0
2025-10-01,09:23:28.000,259.62,300.0,259.3,259.95,75.0
2025-10-01,09:23:29.000,259.62,300.0,259.3,259.95,75.0
2025-10-01,09:23:30.000,259.8,375.0,259.45,260.15,450.0
2025-10-01,09:23:31.000,259.8,375.0,259.45,260.15,450.0
2025-10-01,09:23:32.000,260.65,75.0,260.3,261.0,150.0
2025-10-01,09:23:33.000,260.9,225.0,260.8,261.0,150.0
2025-10-01,09:23:34.000,260.9,225.0,260.8,261.0,150.0
2025-10-01,09:23:35.000,260.75,150.0,260.4,261.1,150.0
2025-10-01,09:23:36.000,260.75,150.0,260.4,261.1,150.0
2025-10-01,09:23:37.000,259.55,150.0,259.25,259.85,225.0
2025-10-01,09:23:38.000,258.8,150.0,258.5,259.1,300.0
2025-10-01,09:23:39.000,258.8,150.0,258.5,259.1,300.0
2025-10-01,09:23:40.000,258.75,75.0,258.4,259.1,75.0
2025-10-01,09:23:41.000,258.75,75.0,258.4,259.1,75.0
2025-10-01,09:23:42.000,259.68,75.0,259.35,260.0,75.0
2025-10-01,09:23:43.000,259.82,525.0,259.45,260.2,300.0
2025-10-01,09:23:44.000,259.82,525.0,259.45,260.2,300.0
2025-10-01,09:23:45.000,260.0,750.0,259.65,260.35,300.0
2025-10-01,09:23:46.000,259.75,525.0,259.4,260.1,150.0
2025-10-01,09:23:47.000,259.75,525.0,259.4,260.1,150.0
2025-10-01,09:23:48.000,259.75,75.0,259.45,260.05,300.0
2025-10-01,09:23:49.000,259.75,75.0,259.45,260.05,300.0
2025-10-01,09:23:50.000,260.23,300.0,259.95,260.5,150.0
2025-10-01,09:23:51.000,261.02,150.0,260.7,261.35,75.0
2025-10-01,09:23:52.000,261.02,150.0,260.7,261.35,75.0
2025-10-01,09:23:53.000,261.73,75.0,261.6,261.85,75.0
2025-10-01,09:23:54.000,261.73,75.0,261.6,261.85,75.0
2025-10-01,09:23:55.000,262.7,75.0,262.4,263.0,1725.0
2025-10-01,09:23:56.000,262.88,75.0,262.55,263.2,225.0
2025-10-01,09:23:57.000,262.88,75.0,262.55,263.2,225.0
2025-10-01,09:23:58.000,262.4,825.0,262.0,262.8,375.0
2025-10-01,09:23:59.000,262.4,825.0,262.0,262.8,375.0
2025-10-01,09:24:00.000,263.15,375.0,262.75,263.55,225.0
2025-10-01,09:24:01.000,262.58,525.0,262.4,262.75,150.0
2025-10-01,09:24:02.000,262.58,525.0,262.4,262.75,150.0
2025-10-01,09:24:03.000,263.68,150.0,263.35,264.0,1275.0
2025-10-01,09:24:04.000,263.68,150.0,263.35,264.0,1275.0
2025-10-01,09:24:05.000,263.35,525.0,263.0,263.7,150.0
2025-10-01,09:24:06.000,263.7,150.0,263.4,264.0,1275.0
2025-10-01,09:24:07.000,263.7,150.0,263.4,264.0,1275.0
2025-10-01,09:24:08.000,263.65,750.0,263.3,264.0,1275.0
2025-10-01,09:24:09.000,263.65,750.0,263.3,264.0,1275.0
2025-10-01,09:24:10.000,263.3,75.0,263.0,263.6,525.0
2025-10-01,09:24:11.000,263.5,75.0,263.2,263.8,150.0
2025-10-01,09:24:12.000,263.5,75.0,263.2,263.8,150.0
2025-10-01,09:24:13.000,263.08,75.0,262.8,263.35,225.0
2025-10-01,09:24:14.000,263.08,75.0,262.8,263.35,225.0
2025-10-01,09:24:15.000,263.25,75.0,263.0,263.5,300.0
2025-10-01,09:24:16.000,262.73,225.0,262.4,263.05,150.0
2025-10-01,09:24:17.000,262.73,225.0,262.4,263.05,150.0
2025-10-01,09:24:18.000,263.25,525.0,262.9,263.6,375.0
2025-10-01,09:24:19.000,263.25,525.0,262.9,263.6,375.0
2025-10-01,09:24:20.000,264.32,75.0,264.0,264.65,600.0
2025-10-01,09:24:21.000,264.05,525.0,263.65,264.45,375.0
2025-10-01,09:24:22.000,264.05,525.0,263.65,264.45,375.0
2025-10-01,09:24:23.000,263.8,675.0,263.6,264.0,375.0
2025-10-01,09:24:24.000,263.8,675.0,263.6,264.0,375.0
2025-10-01,09:24:25.000,263.83,675.0,263.6,264.05,375.0
2025-10-01,09:24:26.000,264.12,675.0,263.75,264.5,525.0
2025-10-01,09:24:27.000,264.12,675.0,263.75,264.5,525.0
2025-10-01,09:24:28.000,264.3,300.0,263.95,264.65,600.0
2025-10-01,09:24:29.000,264.3,300.0,263.95,264.65,600.0
2025-10-01,09:24:30.000,264.2,300.0,263.85,264.55,450.0
2025-10-01,09:24:31.000,263.4,525.0,263.05,263.75,300.0
2025-10-01,09:24:32.000,263.4,525.0,263.05,263.75,300.0
2025-10-01,09:24:33.000,263.35,375.0,263.0,263.7,525.0
2025-10-01,09:24:34.000,263.35,375.0,263.0,263.7,525.0
2025-10-01,09:24:35.000,262.52,300.0,262.15,262.9,300.0
2025-10-01,09:24:36.000,262.1,300.0,261.75,262.45,525.0
2025-10-01,09:24:37.000,262.1,300.0,261.75,262.45,525.0
2025-10-01,09:24:38.000,261.77,450.0,261.3,262.25,375.0
2025-10-01,09:24:39.000,261.77,450.0,261.3,262.25,375.0
2025-10-01,09:24:40.000,261.6,450.0,261.25,261.95,300.0
2025-10-01,09:24:41.000,261.23,75.0,261.0,261.45,300.0
2025-10-01,09:24:42.000,261.23,75.0,261.0,261.45,300.0
2025-10-01,09:24:43.000,262.6,450.0,262.25,262.95,450.0
2025-10-01,09:24:44.000,262.6,450.0,262.25,262.95,450.0
2025-10-01,09:24:45.000,262.45,75.0,262.15,262.75,150.0
2025-10-01,09:24:46.000,262.62,675.0,262.25,263.0,300.0
2025-10-01,09:24:47.000,262.62,675.0,262.25,263.0,300.0
2025-10-01,09:24:48.000,262.48,75.0,262.2,262.75,150.0
2025-10-01,09:24:49.000,262.48,75.0,262.2,262.75,150.0
2025-10-01,09:24:50.000,263.6,300.0,263.25,263.95,300.0
2025-10-01,09:24:51.000,263.85,525.0,263.6,264.1,225.0
2025-10-01,09:24:52.000,263.85,525.0,263.6,264.1,225.0
2025-10-01,09:24:53.000,264.33,75.0,264.05,264.6,75.0
2025-10-01,09:24:54.000,264.33,75.0,264.05,264.6,75.0
2025-10-01,09:24:55.000,265.2,150.0,264.9,265.5,1950.0
2025-10-01,09:24:56.000,265.0,300.0,264.65,265.35,525.0
2025-10-01,09:24:57.000,265.0,300.0,264.65,265.35,525.0
2025-10-01,09:24:58.000,264.68,300.0,264.35,265.0,675.0
2025-10-01,09:24:59.000,264.68,300.0,264.35,265.0,675.0
2025-10-01,09:25:00.000,265.2,225.0,264.95,265.45,300.0
2025-10-01,09:25:01.000,265.52,75.0,265.2,265.85,300.0
2025-10-01,09:25:02.000,265.52,75.0,265.2,265.85,300.0
2025-10-01,09:25:03.000,265.4,300.0,265.15,265.65,150.0
2025-10-01,09:25:04.000,265.4,300.0,265.15,265.65,150.0
2025-10-01,09:25:05.000,266.0,450.0,265.65,266.35,450.0
2025-10-01,09:25:06.000,265.5,75.0,265.25,265.75,150.0
2025-10-01,09:25:07.000,265.5,75.0,265.25,265.75,150.0
2025-10-01,09:25:08.000,264.12,375.0,263.8,264.45,150.0
2025-10-01,09:25:09.000,264.12,375.0,263.8,264.45,150.0
2025-10-01,09:25:10.000,264.77,150.0,264.5,265.05,225.0
2025-10-01,09:25:11.000,265.35,225.0,265.1,265.6,1800.0
2025-10-01,09:25:12.000,265.35,225.0,265.1,265.6,1800.0
2025-10-01,09:25:13.000,265.42,675.0,265.25,265.6,1725.0
2025-10-01,09:25:14.000,266.12,150.0,265.95,266.3,375.0
2025-10-01,09:25:15.000,266.12,150.0,265.95,266.3,375.0
2025-10-01,09:25:16.000,266.88,300.0,266.75,267.0,150.0
2025-10-01,09:25:17.000,266.88,300.0,266.75,267.0,150.0
2025-10-01,09:25:18.000,266.27,75.0,266.0,266.55,75.0
2025-10-01,09:25:19.000,266.6,300.0,266.25,266.95,300.0
2025-10-01,09:25:20.000,266.6,300.0,266.25,266.95,300.0
2025-10-01,09:25:21.000,266.52,75.0,266.2,266.85,450.0
2025-10-01,09:25:22.000,266.52,75.0,266.2,266.85,450.0
2025-10-01,09:25:23.000,265.9,150.0,265.6,266.2,600.0
2025-10-01,09:25:24.000,266.67,75.0,266.4,266.95,300.0
2025-10-01,09:25:25.000,266.67,75.0,266.4,266.95,300.0
2025-10-01,09:25:26.000,265.85,225.0,265.5,266.2,900.0
2025-10-01,09:25:27.000,265.85,225.0,265.5,266.2,900.0
2025-10-01,09:25:28.000,265.95,300.0,265.6,266.3,525.0
2025-10-01,09:25:29.000,266.25,750.0,265.8,266.7,825.0
2025-10-01,09:25:30.000,266.25,750.0,265.8,266.7,825.0
2025-10-01,09:25:31.000,265.18,75.0,264.85,265.5,450.0
2025-10-01,09:25:32.000,265.18,75.0,264.85,265.5,450.0
2025-10-01,09:25:33.000,265.02,525.0,264.65,265.4,75.0
2025-10-01,09:25:34.000,266.02,975.0,265.65,266.4,150.0
2025-10-01,09:25:35.000,266.02,975.0,265.65,266.4,150.0
2025-10-01,09:25:36.000,266.23,450.0,265.9,266.55,450.0
2025-10-01,09:25:37.000,266.23,450.0,265.9,266.55,450.0
2025-10-01,09:25:38.000,266.35,300.0,266.05,266.65,75.0
2025-10-01,09:25:39.000,267.38,225.0,267.25,267.5,150.0
2025-10-01,09:25:40.000,267.38,225.0,267.25,267.5,150.0
2025-10-01,09:25:41.000,267.92,75.0,267.65,268.2,525.0
2025-10-01,09:25:42.000,267.92,375.0,267.55,268.3,675.0
2025-10-01,09:25:43.000,267.92,375.0,267.55,268.3,675.0
2025-10-01,09:25:44.000,267.48,450.0,267.2,267.75,75.0
2025-10-01,09:25:45.000,267.48,450.0,267.2,267.75,75.0
2025-10-01,09:25:46.000,266.85,300.0,266.55,267.15,75.0
2025-10-01,09:25:47.000,267.52,525.0,267.15,267.9,375.0
2025-10-01,09:25:48.000,267.52,525.0,267.15,267.9,375.0
2025-10-01,09:25:49.000,267.95,300.0,267.65,268.25,300.0
2025-10-01,09:25:50.000,267.95,300.0,267.65,268.25,300.0
2025-10-01,09:25:51.000,267.77,525.0,267.45,268.1,150.0
2025-10-01,09:25:52.000,267.1,75.0,266.8,267.4,525.0
2025-10-01,09:25:53.000,267.1,75.0,266.8,267.4,525.0
2025-10-01,09:25:54.000,267.17,150.0,266.9,267.45,300.0
2025-10-01,09:25:55.000,267.17,150.0,266.9,267.45,300.0
2025-10-01,09:25:56.000,267.0,150.0,266.7,267.3,150.0
2025-10-01,09:25:57.000,266.27,300.0,265.95,266.6,300.0
2025-10-01,09:25:58.000,266.27,300.0,265.95,266.6,300.0
2025-10-01,09:25:59.000,265.8,900.0,265.45,266.15,150.0
2025-10-01,09:26:00.000,265.8,900.0,265.45,266.15,150.0
2025-10-01,09:26:01.000,265.6,525.0,265.3,265.9,225.0
2025-10-01,09:26:02.000,266.08,300.0,265.75,266.4,375.0
2025-10-01,09:26:03.000,266.08,300.0,265.75,266.4,375.0
2025-10-01,09:26:04.000,265.77,225.0,265.5,266.05,75.0
2025-10-01,09:26:05.000,265.77,225.0,265.5,266.05,75.0
2025-10-01,09:26:06.000,264.62,1200.0,264.25,265.0,375.0
2025-10-01,09:26:07.000,264.4,375.0,264.0,264.8,300.0
2025-10-01,09:26:08.000,264.4,375.0,264.0,264.8,300.0
2025-10-01,09:26:09.000,264.15,750.0,263.8,264.5,300.0
2025-10-01,09:26:10.000,264.15,750.0,263.8,264.5,300.0
2025-10-01,09:26:11.000,263.9,750.0,263.55,264.25,300.0
2025-10-01,09:26:12.000,263.92,150.0,263.6,264.25,825.0
2025-10-01,09:26:13.000,263.92,150.0,263.6,264.25,825.0
2025-10-01,09:26:14.000,262.58,600.0,262.25,262.9,75.0
2025-10-01,09:26:15.000,262.58,600.0,262.25,262.9,75.0
2025-10-01,09:26:16.000,262.45,300.0,262.1,262.8,75.0
2025-10-01,09:26:17.000,262.6,300.0,262.25,262.95,75.0
2025-10-01,09:26:18.000,262.6,300.0,262.25,262.95,75.0
2025-10-01,09:26:19.000,263.15,300.0,263.1,263.2,600.0
2025-10-01,09:26:20.000,263.15,300.0,263.1,263.2,600.0
2025-10-01,09:26:21.000,264.7,825.0,264.35,265.05,375.0
2025-10-01,09:26:22.000,264.95,75.0,264.7,265.2,375.0
2025-10-01,09:26:23.000,264.95,75.0,264.7,265.2,375.0
2025-10-01,09:26:24.000,264.62,300.0,264.35,264.9,150.0
2025-10-01,09:26:25.000,264.62,300.0,264.35,264.9,150.0
2025-10-01,09:26:26.000,265.32,300.0,265.0,265.65,300.0
2025-10-01,09:26:27.000,265.32,300.0,265.0,265.65,300.0
2025-10-01,09:26:28.000,265.7,75.0,265.45,265.95,75.0
2025-10-01,09:26:29.000,265.02,75.0,264.85,265.2,150.0
2025-10-01,09:26:30.000,265.02,75.0,264.85,265.2,150.0
2025-10-01,09:26:31.000,265.3,75.0,265.0,265.6,375.0
2025-10-01,09:26:32.000,265.3,75.0,265.0,265.6,375.0
2025-10-01,09:26:33.000,265.6,300.0,265.25,265.95,525.0
2025-10-01,09:26:34.000,264.9,525.0,264.6,265.2,450.0
2025-10-01,09:26:35.000,264.9,525.0,264.6,265.2,450.0
2025-10-01,09:26:36.000,265.0,450.0,264.7,265.3,150.0
2025-10-01,09:26:37.000,265.0,450.0,264.7,265.3,150.0
2025-10-01,09:26:38.000,265.4,150.0,265.1,265.7,600.0
2025-10-01,09:26:39.000,265.5,375.0,265.2,265.8,225.0
2025-10-01,09:26:40.000,265.5,375.0,265.2,265.8,225.0
2025-10-01,09:26:41.000,265.83,525.0,265.55,266.1,75.0
2025-10-01,09:26:42.000,265.83,525.0,265.55,266.1,75.0
2025-10-01,09:26:43.000,267.12,225.0,266.85,267.4,75.0
2025-10-01,09:26:44.000,267.12,300.0,266.8,267.45,150.0
2025-10-01,09:26:45.000,267.12,300.0,266.8,267.45,150.0
2025-10-01,09:26:46.000,266.38,450.0,266.05,266.7,75.0
2025-10-01,09:26:47.000,266.38,450.0,266.05,266.7,75.0
2025-10-01,09:26:48.000,266.1,750.0,265.7,266.5,300.0
2025-10-01,09:26:49.000,266.58,450.0,266.2,266.95,75.0
2025-10-01,09:26:50.000,266.58,450.0,266.2,266.95,75.0
2025-10-01,09:26:51.000,267.23,225.0,266.95,267.5,150.0
2025-10-01,09:26:52.000,267.23,225.0,266.95,267.5,150.0
2025-10-01,09:26:53.000,267.08,225.0,266.75,267.4,375.0
2025-10-01,09:26:54.000,267.05,300.0,266.75,267.35,225.0
2025-10-01,09:26:55.000,267.05,300.0,266.75,267.35,225.0
2025-10-01,09:26:56.000,267.02,300.0,266.7,267.35,225.0
2025-10-01,09:26:57.000,267.1,825.0,266.75,267.45,150.0
2025-10-01,09:26:58.000,267.1,825.0,266.75,267.45,150.0
2025-10-01,09:26:59.000,266.82,300.0,266.5,267.15,375.0
2025-10-01,09:27:00.000,266.82,300.0,266.5,267.15,375.0
2025-10-01,09:27:01.000,267.52,75.0,267.2,267.85,75.0
2025-10-01,09:27:02.000,267.38,375.0,267.0,267.75,750.0
2025-10-01,09:27:03.000,267.38,375.0,267.0,267.75,750.0
2025-10-01,09:27:04.000,266.7,750.0,266.35,267.05,375.0
2025-10-01,09:27:05.000,266.7,750.0,266.35,267.05,375.0
2025-10-01,09:27:06.000,266.2,225.0,265.75,266.65,75.0
2025-10-01,09:27:07.000,266.38,225.0,266.05,266.7,375.0
2025-10-01,09:27:08.000,266.38,225.0,266.05,266.7,375.0
2025-10-01,09:27:09.000,266.95,525.0,266.65,267.25,150.0
2025-10-01,09:27:10.000,266.95,525.0,266.65,267.25,150.0
2025-10-01,09:27:11.000,267.32,375.0,267.15,267.5,75.0
2025-10-01,09:27:12.000,267.55,75.0,267.35,267.75,225.0
2025-10-01,09:27:13.000,267.55,75.0,267.35,267.75,225.0
2025-10-01,09:27:14.000,266.9,75.0,266.6,267.2,75.0
2025-10-01,09:27:15.000,266.9,75.0,266.6,267.2,75.0
2025-10-01,09:27:16.000,267.18,525.0,266.85,267.5,150.0
2025-10-01,09:27:17.000,267.7,1050.0,267.4,268.0,975.0
2025-10-01,09:27:18.000,267.7,1050.0,267.4,268.0,975.0
2025-10-01,09:27:19.000,266.75,450.0,266.5,267.0,150.0
2025-10-01,09:27:20.000,266.75,450.0,266.5,267.0,150.0
2025-10-01,09:27:21.000,266.77,225.0,266.45,267.1,150.0
2025-10-01,09:27:22.000,266.75,75.0,266.5,267.0,150.0
2025-10-01,09:27:23.000,266.75,75.0,266.5,267.0,150.0
2025-10-01,09:27:24.000,266.38,675.0,266.05,266.7,75.0
2025-10-01,09:27:25.000,266.38,675.0,266.05,266.7,75.0
2025-10-01,09:27:26.000,265.83,75.0,265.55,266.1,75.0
2025-10-01,09:27:27.000,266.9,225.0,266.55,267.25,225.0
2025-10-01,09:27:28.000,266.9,225.0,266.55,267.25,225.0
2025-10-01,09:27:29.000,267.2,900.0,266.9,267.5,150.0
2025-10-01,09:27:30.000,267.2,900.0,266.9,267.5,150.0
2025-10-01,09:27:31.000,267.85,375.0,267.7,268.0,600.0
2025-10-01,09:27:32.000,267.98,75.0,267.75,268.2,750.0
2025-10-01,09:27:33.000,267.98,75.0,267.75,268.2,750.0
2025-10-01,09:27:34.000,268.12,225.0,267.75,268.5,225.0
2025-10-01,09:27:35.000,268.12,225.0,267.75,268.5,225.0
2025-10-01,09:27:36.000,268.25,300.0,267.95,268.55,150.0
2025-10-01,09:27:37.000,267.9,225.0,267.55,268.25,225.0
2025-10-01,09:27:38.000,267.9,225.0,267.55,268.25,225.0
2025-10-01,09:27:39.000,267.7,375.0,267.35,268.05,75.0
2025-10-01,09:27:40.000,267.7,375.0,267.35,268.05,75.0
2025-10-01,09:27:41.000,267.3,75.0,266.95,267.65,75.0
2025-10-01,09:27:42.000,266.95,225.0,266.65,267.25,225.0
2025-10-01,09:27:43.000,266.95,225.0,266.65,267.25,225.0
2025-10-01,09:27:44.000,266.85,450.0,266.75,266.95,75.0
2025-10-01,09:27:45.000,266.85,450.0,266.75,266.95,75.0
2025-10-01,09:27:46.000,267.12,525.0,266.8,267.45,225.0
2025-10-01,09:27:47.000,267.05,375.0,266.85,267.25,75.0
2025-10-01,09:27:48.000,267.05,375.0,266.85,267.25,75.0
2025-10-01,09:27:49.000,267.32,225.0,266.95,267.7,525.0
2025-10-01,09:27:50.000,267.32,225.0,266.95,267.7,525.0
2025-10-01,09:27:51.000,266.9,375.0,266.55,267.25,150.0
2025-10-01,09:27:52.000,267.12,75.0,266.8,267.45,525.0
2025-10-01,09:27:53.000,267.12,75.0,266.8,267.45,525.0
2025-10-01,09:27:54.000,266.68,75.0,266.35,267.0,150.0
2025-10-01,09:27:55.000,266.68,75.0,266.35,267.0,150.0
2025-10-01,09:27:56.000,266.9,375.0,266.55,267.25,150.0
2025-10-01,09:27:57.000,266.4,375.0,266.05,266.75,75.0
2025-10-01,09:27:58.000,266.4,375.0,266.05,266.75,75.0
2025-10-01,09:27:59.000,266.42,825.0,266.05,266.8,150.0
2025-10-01,09:28:00.000,266.42,825.0,266.05,266.8,150.0
2025-10-01,09:28:01.000,267.27,450.0,266.9,267.65,150.0
2025-10-01,09:28:02.000,267.48,225.0,267.2,267.75,600.0
2025-10-01,09:28:03.000,267.48,225.0,267.2,267.75,600.0
2025-10-01,09:28:04.000,267.62,75.0,267.3,267.95,150.0
2025-10-01,09:28:05.000,267.62,75.0,267.3,267.95,150.0
2025-10-01,09:28:06.000,267.68,75.0,267.5,267.85,375.0
2025-10-01,09:28:07.000,268.27,450.0,267.9,268.65,450.0
2025-10-01,09:28:08.000,268.27,450.0,267.9,268.65,450.0
2025-10-01,09:28:09.000,267.85,75.0,267.55,268.15,375.0
2025-10-01,09:28:10.000,267.85,75.0,267.55,268.15,375.0
2025-10-01,09:28:11.000,268.23,300.0,267.9,268.55,375.0
2025-10-01,09:28:12.000,268.35,225.0,268.0,268.7,300.0
2025-10-01,09:28:13.000,268.35,225.0,268.0,268.7,300.0
2025-10-01,09:28:14.000,268.52,75.0,268.2,268.85,150.0
2025-10-01,09:28:15.000,268.52,75.0,268.2,268.85,150.0
2025-10-01,09:28:16.000,267.55,600.0,267.15,267.95,450.0
2025-10-01,09:28:17.000,268.6,150.0,268.25,268.95,150.0
2025-10-01,09:28:18.000,268.6,150.0,268.25,268.95,150.0
2025-10-01,09:28:19.000,267.82,150.0,267.45,268.2,225.0
2025-10-01,09:28:20.000,267.82,150.0,267.45,268.2,225.0
2025-10-01,09:28:21.000,267.35,450.0,266.95,267.75,750.0
2025-10-01,09:28:22.000,268.15,75.0,267.8,268.5,225.0
2025-10-01,09:28:23.000,268.15,75.0,267.8,268.5,225.0
2025-10-01,09:28:24.000,268.45,75.0,268.15,268.75,150.0
2025-10-01,09:28:25.000,268.45,75.0,268.15,268.75,150.0
2025-10-01,09:28:26.000,268.98,75.0,268.7,269.25,150.0
2025-10-01,09:28:27.000,268.82,75.0,268.65,269.0,150.0
2025-10-01,09:28:28.000,268.82,75.0,268.65,269.0,150.0
2025-10-01,09:28:29.000,269.45,300.0,269.15,269.75,375.0
2025-10-01,09:28:30.000,269.45,300.0,269.15,269.75,375.0
2025-10-01,09:28:31.000,269.55,450.0,269.3,269.8,75.0
2025-10-01,09:28:32.000,269.45,375.0,269.15,269.75,150.0
2025-10-01,09:28:33.000,269.45,375.0,269.15,269.75,150.0
2025-10-01,09:28:34.000,269.67,75.0,269.4,269.95,150.0
2025-10-01,09:28:35.000,269.67,75.0,269.4,269.95,150.0
2025-10-01,09:28:36.000,269.82,300.0,269.65,270.0,525.0
2025-10-01,09:28:37.000,269.92,150.0,269.6,270.25,225.0
2025-10-01,09:28:38.000,269.92,150.0,269.6,270.25,225.0
2025-10-01,09:28:39.000,269.65,75.0,269.3,270.0,375.0
2025-10-01,09:28:40.000,269.65,75.0,269.3,270.0,375.0
2025-10-01,09:28:41.000,269.27,225.0,269.2,269.35,225.0
2025-10-01,09:28:42.000,269.3,375.0,268.9,269.7,75.0
2025-10-01,09:28:43.000,269.3,375.0,268.9,269.7,75.0
2025-10-01,09:28:44.000,269.48,450.0,269.05,269.9,75.0
2025-10-01,09:28:45.000,269.48,450.0,269.05,269.9,75.0
2025-10-01,09:28:46.000,269.68,375.0,269.35,270.0,150.0
2025-10-01,09:28:47.000,269.75,150.0,269.5,270.0,150.0
2025-10-01,09:28:48.000,269.75,150.0,269.5,270.0,150.0
2025-10-01,09:28:49.000,269.1,450.0,268.7,269.5,375.0
2025-10-01,09:28:50.000,269.27,75.0,269.0,269.55,75.0
2025-10-01,09:28:51.000,269.27,75.0,269.0,269.55,75.0
2025-10-01,09:28:52.000,268.75,75.0,268.4,269.1,225.0
2025-10-01,09:28:53.000,268.75,75.0,268.4,269.1,225.0
2025-10-01,09:28:54.000,269.02,225.0,268.65,269.4,300.0
2025-10-01,09:28:55.000,269.7,75.0,269.4,270.0,450.0
2025-10-01,09:28:56.000,269.7,75.0,269.4,270.0,450.0
2025-10-01,09:28:57.000,269.0,75.0,268.7,269.3,75.0
2025-10-01,09:28:58.000,269.0,75.0,268.7,269.3,75.0
2025-10-01,09:28:59.000,269.02,75.0,268.75,269.3,150.0
2025-10-01,09:29:00.000,268.77,375.0,268.45,269.1,75.0
2025-10-01,09:29:01.000,268.77,375.0,268.45,269.1,75.0
2025-10-01,09:29:02.000,268.65,75.0,268.35,268.95,150.0
2025-10-01,09:29:03.000,268.65,75.0,268.35,268.95,150.0
2025-10-01,09:29:04.000,268.8,150.0,268.5,269.1,375.0
2025-10-01,09:29:05.000,268.7,225.0,268.4,269.0,150.0
2025-10-01,09:29:06.000,268.7,225.0,268.4,269.0,150.0
2025-10-01,09:29:07.000,268.45,450.0,268.15,268.75,150.0
2025-10-01,09:29:08.000,268.45,450.0,268.15,268.75,150.0
2025-10-01,09:29:09.000,268.92,75.0,268.9,268.95,150.0
2025-10-01,09:29:10.000,268.23,375.0,267.9,268.55,225.0
2025-10-01,09:29:11.000,268.23,375.0,267.9,268.55,225.0
2025-10-01,09:29:12.000,268.38,75.0,268.05,268.7,225.0
2025-10-01,09:29:13.000,268.38,75.0,268.05,268.7,225.0
2025-10-01,09:29:14.000,268.48,450.0,268.25,268.7,150.0
2025-10-01,09:29:15.000,268.52,450.0,268.35,268.7,75.0
2025-10-01,09:29:16.000,268.52,450.0,268.35,268.7,75.0
2025-10-01,09:29:17.000,267.42,75.0,267.1,267.75,225.0
2025-10-01,09:29:18.000,267.42,75.0,267.1,267.75,225.0
2025-10-01,09:29:19.000,267.67,75.0,267.4,267.95,300.0
2025-10-01,09:29:20.000,267.8,300.0,267.55,268.05,225.0
2025-10-01,09:29:21.000,267.8,300.0,267.55,268.05,225.0
2025-10-01,09:29:22.000,269.27,450.0,269.0,269.55,75.0
2025-10-01,09:29:23.000,269.27,450.0,269.0,269.55,75.0
2025-10-01,09:29:24.000,269.35,225.0,268.95,269.75,375.0
2025-10-01,09:29:25.000,269.5,225.0,269.35,269.65,75.0
2025-10-01,09:29:26.000,269.5,225.0,269.35,269.65,75.0
2025-10-01,09:29:27.000,270.08,225.0,269.65,270.5,525.0
2025-10-01,09:29:28.000,270.08,225.0,269.65,270.5,525.0
2025-10-01,09:29:29.000,269.3,150.0,268.9,269.7,300.0
2025-10-01,09:29:30.000,269.73,450.0,269.3,270.15,300.0
2025-10-01,09:29:31.000,269.73,450.0,269.3,270.15,300.0
2025-10-01,09:29:32.000,269.65,150.0,269.3,270.0,150.0
2025-10-01,09:29:33.000,269.65,150.0,269.3,270.0,150.0
2025-10-01,09:29:34.000,269.35,150.0,268.95,269.75,300.0
2025-10-01,09:29:35.000,269.82,150.0,269.45,270.2,300.0
2025-10-01,09:29:36.000,269.82,150.0,269.45,270.2,300.0
2025-10-01,09:29:37.000,269.88,375.0,269.5,270.25,300.0
2025-10-01,09:29:38.000,269.88,375.0,269.5,270.25,300.0
2025-10-01,09:29:39.000,270.35,150.0,270.0,270.7,75.0
2025-10-01,09:29:40.000,270.73,75.0,270.45,271.0,300.0
2025-10-01,09:29:41.000,270.73,75.0,270.45,271.0,300.0
2025-10-01,09:29:42.000,270.2,75.0,269.9,270.5,225.0
2025-10-01,09:29:43.000,270.2,75.0,269.9,270.5,225.0
2025-10-01,09:29:44.000,270.25,75.0,270.05,270.45,75.0
2025-10-01,09:29:45.000,270.2,75.0,270.0,270.4,150.0
2025-10-01,09:29:46.000,270.2,75.0,270.0,270.4,150.0
2025-10-01,09:29:47.000,270.23,150.0,270.05,270.4,75.0
2025-10-01,09:29:48.000,270.23,150.0,270.05,270.4,75.0
2025-10-01,09:29:49.000,269.82,75.0,269.5,270.15,300.0
2025-10-01,09:29:50.000,268.42,150.0,268.1,268.75,150.0
2025-10-01,09:29:51.000,268.42,150.0,268.1,268.75,150.0
2025-10-01,09:29:52.000,269.2,150.0,268.9,269.5,450.0
2025-10-01,09:29:53.000,269.2,150.0,268.9,269.5,450.0
2025-10-01,09:29:54.000,269.82,375.0,269.5,270.15,225.0
2025-10-01,09:29:55.000,270.18,225.0,269.85,270.5,150.0
2025-10-01,09:29:56.000,270.18,225.0,269.85,270.5,150.0
2025-10-01,09:29:57.000,270.38,450.0,270.0,270.75,825.0
2025-10-01,09:29:58.000,270.38,450.0,270.0,270.75,825.0
2025-10-01,09:29:59.000,270.7,225.0,270.4,271.0,150.0
2025-10-01,09:30:00.000,269.62,225.0,269.2,270.05,375.0
2025-10-01,09:30:01.000,269.62,225.0,269.2,270.05,375.0
2025-10-01,09:30:02.000,270.42,225.0,270.1,270.75,600.0
2025-10-01,09:30:03.000,270.52,75.0,270.15,270.9,675.0
2025-10-01,09:30:04.000,270.52,75.0,270.15,270.9,675.0
2025-10-01,09:30:05.000,270.55,150.0,270.2,270.9,150.0
2025-10-01,09:30:06.000,270.55,150.0,270.2,270.9,150.0
2025-10-01,09:30:07.000,270.38,225.0,270.25,270.5,525.0
2025-10-01,09:30:08.000,270.88,150.0,270.55,271.2,300.0
2025-10-01,09:30:09.000,270.88,150.0,270.55,271.2,300.0
2025-10-01,09:30:10.000,270.02,75.0,269.8,270.25,150.0
2025-10-01,09:30:11.000,270.02,75.0,269.8,270.25,150.0
2025-10-01,09:30:12.000,270.35,75.0,270.05,270.65,75.0
2025-10-01,09:30:13.000,269.23,150.0,268.95,269.5,150.0
2025-10-01,09:30:14.000,269.23,150.0,268.95,269.5,150.0
2025-10-01,09:30:15.000,268.98,525.0,268.55,269.4,75.0
2025-10-01,09:30:16.000,268.98,525.0,268.55,269.4,75.0
2025-10-01,09:30:17.000,268.92,150.0,268.65,269.2,375.0
2025-10-01,09:30:18.000,268.85,75.0,268.75,268.95,75.0
2025-10-01,09:30:19.000,268.85,75.0,268.75,268.95,75.0
2025-10-01,09:30:20.000,268.5,300.0,268.15,268.85,225.0
2025-10-01,09:30:21.000,268.5,300.0,268.15,268.85,225.0
2025-10-01,09:30:22.000,268.3,225.0,268.0,268.6,75.0
2025-10-01,09:30:23.000,268.42,225.0,268.15,268.7,300.0
2025-10-01,09:30:24.000,268.42,225.0,268.15,268.7,300.0
2025-10-01,09:30:25.000,267.88,225.0,267.55,268.2,300.0
2025-10-01,09:30:26.000,267.88,225.0,267.55,268.2,300.0
2025-10-01,09:30:27.000,268.05,225.0,267.7,268.4,450.0
2025-10-01,09:30:28.000,267.5,225.0,267.15,267.85,225.0
2025-10-01,09:30:29.000,267.5,225.0,267.15,267.85,225.0
2025-10-01,09:30:30.000,267.98,750.0,267.75,268.2,375.0
2025-10-01,09:30:31.000,267.98,750.0,267.75,268.2,375.0
2025-10-01,09:30:32.000,267.62,450.0,267.3,267.95,225.0
2025-10-01,09:30:33.000,268.33,225.0,268.1,268.55,75.0
2025-10-01,09:30:34.000,268.33,225.0,268.1,268.55,75.0
2025-10-01,09:30:35.000,268.3,150.0,268.0,268.6,225.0
2025-10-01,09:30:36.000,268.3,150.0,268.0,268.6,225.0
2025-10-01,09:30:37.000,268.82,300.0,268.5,269.15,150.0
2025-10-01,09:30:38.000,269.18,450.0,268.85,269.5,225.0
2025-10-01,09:30:39.000,269.18,450.0,268.85,269.5,225.0
2025-10-01,09:30:40.000,269.73,225.0,269.45,270.0,375.0
2025-10-01,09:30:41.000,269.73,225.0,269.45,270.0,375.0
2025-10-01,09:30:42.000,270.52,225.0,270.2,270.85,300.0
2025-10-01,09:30:43.000,270.6,75.0,270.3,270.9,600.0
2025-10-01,09:30:44.000,270.6,75.0,270.3,270.9,600.0
2025-10-01,09:30:45.000,270.15,75.0,269.9,270.4,75.0
2025-10-01,09:30:46.000,270.15,75.0,269.9,270.4,75.0
2025-10-01,09:30:47.000,270.77,150.0,270.55,271.0,75.0
2025-10-01,09:30:48.000,271.68,150.0,271.35,272.0,300.0
2025-10-01,09:30:49.000,271.68,150.0,271.35,272.0,300.0
2025-10-01,09:30:50.000,271.45,150.0,271.15,271.75,150.0
2025-10-01,09:30:51.000,271.45,150.0,271.15,271.75,150.0
2025-10-01,09:30:52.000,270.75,150.0,270.5,271.0,150.0
2025-10-01,09:30:53.000,271.08,150.0,270.75,271.4,300.0
2025-10-01,09:30:54.000,271.08,150.0,270.75,271.4,300.0
2025-10-01,09:30:55.000,271.27,150.0,271.15,271.4,75.0
2025-10-01,09:30:56.000,271.27,150.0,271.15,271.4,75.0
2025-10-01,09:30:57.000,271.08,225.0,270.75,271.4,75.0
2025-10-01,09:30:58.000,270.92,75.0,270.6,271.25,375.0
2025-10-01,09:30:59.000,270.92,75.0,270.6,271.25,375.0
2025-10-01,09:31:00.000,270.95,150.0,270.65,271.25,75.0
2025-10-01,09:31:01.000,270.95,150.0,270.65,271.25,75.0
2025-10-01,09:31:02.000,270.77,525.0,270.65,270.9,75.0
2025-10-01,09:31:03.000,271.42,150.0,271.1,271.75,150.0
2025-10-01,09:31:04.000,271.42,150.0,271.1,271.75,150.0
2025-10-01,09:31:05.000,271.65,150.0,271.3,272.0,375.0
2025-10-01,09:31:06.000,271.65,150.0,271.3,272.0,375.0
2025-10-01,09:31:07.000,271.52,75.0,271.25,271.8,150.0
2025-10-01,09:31:08.000,271.12,75.0,270.8,271.45,75.0
2025-10-01,09:31:09.000,271.12,75.0,270.8,271.45,75.0
2025-10-01,09:31:10.000,270.3,225.0,270.0,270.6,600.0
2025-10-01,09:31:11.000,270.3,225.0,270.0,270.6,600.0
2025-10-01,09:31:12.000,269.68,300.0,269.3,270.05,225.0
2025-10-01,09:31:13.000,271.08,225.0,270.85,271.3,300.0
2025-10-01,09:31:14.000,271.08,225.0,270.85,271.3,300.0
2025-10-01,09:31:15.000,271.15,75.0,271.0,271.3,300.0
2025-10-01,09:31:16.000,271.15,75.0,271.0,271.3,300.0
2025-10-01,09:31:17.000,270.58,300.0,270.25,270.9,75.0
2025-10-01,09:31:18.000,270.52,375.0,270.2,270.85,225.0
2025-10-01,09:31:19.000,270.52,375.0,270.2,270.85,225.0
2025-10-01,09:31:20.000,270.77,75.0,270.55,271.0,75.0
2025-10-01,09:31:21.000,270.77,75.0,270.55,271.0,75.0
2025-10-01,09:31:22.000,270.67,75.0,270.4,270.95,225.0
2025-10-01,09:31:23.000,270.73,150.0,270.45,271.0,150.0
2025-10-01,09:31:24.000,270.73,150.0,270.45,271.0,150.0
2025-10-01,09:31:25.000,270.6,525.0,270.3,270.9,75.0
2025-10-01,09:31:26.000,270.6,525.0,270.3,270.9,75.0
2025-10-01,09:31:27.000,270.52,225.0,270.25,270.8,75.0
2025-10-01,09:31:28.000,269.88,225.0,269.6,270.15,300.0
2025-10-01,09:31:29.000,269.88,225.0,269.6,270.15,300.0
2025-10-01,09:31:30.000,269.42,225.0,269.1,269.75,375.0
2025-10-01,09:31:31.000,269.42,225.0,269.1,269.75,375.0
2025-10-01,09:31:32.000,269.62,225.0,269.3,269.95,225.0
2025-10-01,09:31:33.000,270.25,525.0,269.9,270.6,375.0
2025-10-01,09:31:34.000,270.25,525.0,269.9,270.6,375.0
2025-10-01,09:31:35.000,269.3,375.0,268.95,269.65,225.0
2025-10-01,09:31:36.000,269.3,375.0,268.95,269.65,225.0
2025-10-01,09:31:37.000,270.15,225.0,269.8,270.5,375.0
2025-10-01,09:31:38.000,270.6,225.0,270.25,270.95,450.0
2025-10-01,09:31:39.000,270.6,225.0,270.25,270.95,450.0
2025-10-01,09:31:40.000,270.2,75.0,269.9,270.5,150.0
2025-10-01,09:31:41.000,270.2,75.0,269.9,270.5,150.0
2025-10-01,09:31:42.000,270.65,225.0,270.3,271.0,375.0
2025-10-01,09:31:43.000,270.88,225.0,270.6,271.15,75.0
2025-10-01,09:31:44.000,270.88,225.0,270.6,271.15,75.0
2025-10-01,09:31:45.000,270.98,75.0,270.7,271.25,150.0
2025-10-01,09:31:46.000,270.98,75.0,270.7,271.25,150.0
2025-10-01,09:31:47.000,269.7,450.0,269.3,270.1,225.0
2025-10-01,09:31:48.000,269.92,375.0,269.55,270.3,225.0
2025-10-01,09:31:49.000,269.92,375.0,269.55,270.3,225.0
2025-10-01,09:31:50.000,270.08,375.0,269.7,270.45,450.0
2025-10-01,09:31:51.000,270.08,375.0,269.7,270.45,450.0
2025-10-01,09:31:52.000,270.05,525.0,269.7,270.4,225.0
2025-10-01,09:31:53.000,270.35,75.0,270.05,270.65,225.0
2025-10-01,09:31:54.000,270.35,75.0,270.05,270.65,225.0
2025-10-01,09:31:55.000,270.18,375.0,269.85,270.5,150.0
2025-10-01,09:31:56.000,270.18,375.0,269.85,270.5,150.0
2025-10-01,09:31:57.000,268.75,375.0,268.35,269.15,600.0
2025-10-01,09:31:58.000,267.83,225.0,267.35,268.3,225.0
2025-10-01,09:31:59.000,267.83,225.0,267.35,268.3,225.0
2025-10-01,09:32:00.000,268.0,375.0,267.6,268.4,525.0
2025-10-01,09:32:01.000,268.0,375.0,267.6,268.4,525.0
2025-10-01,09:32:02.000,267.82,1125.0,267.45,268.2,300.0
2025-10-01,09:32:03.000,269.15,750.0,268.8,269.5,450.0
2025-10-01,09:32:04.000,269.15,750.0,268.8,269.5,450.0
2025-10-01,09:32:05.000,268.98,225.0,268.7,269.25,150.0
2025-10-01,09:32:06.000,268.98,225.0,268.7,269.25,150.0
2025-10-01,09:32:07.000,269.0,375.0,268.65,269.35,225.0
2025-10-01,09:32:08.000,268.73,225.0,268.45,269.0,525.0
2025-10-01,09:32:09.000,268.73,225.0,268.45,269.0,525.0
2025-10-01,09:32:10.000,268.05,300.0,267.7,268.4,450.0
2025-10-01,09:32:11.000,268.05,300.0,267.7,268.4,450.0
2025-10-01,09:32:12.000,268.58,375.0,268.2,268.95,225.0
2025-10-01,09:32:13.000,268.55,450.0,268.15,268.95,225.0
2025-10-01,09:32:14.000,268.55,450.0,268.15,268.95,225.0
2025-10-01,09:32:15.000,268.4,525.0,268.05,268.75,225.0
2025-10-01,09:32:16.000,268.4,525.0,268.05,268.75,225.0
2025-10-01,09:32:17.000,267.9,375.0,267.55,268.25,300.0
2025-10-01,09:32:18.000,268.38,375.0,268.0,268.75,675.0
2025-10-01,09:32:19.000,268.38,375.0,268.0,268.75,675.0
2025-10-01,09:32:20.000,268.42,375.0,268.1,268.75,675.0
2025-10-01,09:32:21.000,268.55,225.0,268.3,268.8,75.0
2025-10-01,09:32:22.000,268.55,225.0,268.3,268.8,75.0
2025-10-01,09:32:23.000,268.4,450.0,268.05,268.75,300.0
2025-10-01,09:32:24.000,268.4,450.0,268.05,268.75,300.0
2025-10-01,09:32:25.000,268.27,225.0,268.05,268.5,300.0
2025-10-01,09:32:26.000,267.88,750.0,267.5,268.25,375.0
2025-10-01,09:32:27.000,267.88,750.0,267.5,268.25,375.0
2025-10-01,09:32:28.000,268.45,300.0,268.15,268.75,150.0
2025-10-01,09:32:29.000,268.45,300.0,268.15,268.75,150.0
2025-10-01,09:32:30.000,268.1,750.0,267.75,268.45,300.0
2025-10-01,09:32:31.000,267.77,525.0,267.45,268.1,600.0
2025-10-01,09:32:32.000,267.77,525.0,267.45,268.1,600.0
2025-10-01,09:32:33.000,268.52,375.0,268.25,268.8,75.0
2025-10-01,09:32:34.000,268.52,375.0,268.25,268.8,75.0
2025-10-01,09:32:35.000,268.73,150.0,268.45,269.0,900.0
2025-10-01,09:32:36.000,268.05,225.0,267.75,268.35,225.0
2025-10-01,09:32:37.000,268.05,225.0,267.75,268.35,225.0
2025-10-01,09:32:38.000,267.8,525.0,267.45,268.15,300.0
2025-10-01,09:32:39.000,267.8,525.0,267.45,268.15,300.0
2025-10-01,09:32:40.000,267.52,75.0,267.2,267.85,225.0
2025-10-01,09:32:41.000,268.25,75.0,267.9,268.6,900.0
2025-10-01,09:32:42.000,268.25,75.0,267.9,268.6,900.0
2025-10-01,09:32:43.000,268.3,75.0,268.05,268.55,150.0
2025-10-01,09:32:44.000,268.3,75.0,268.05,268.55,150.0
2025-10-01,09:32:45.000,268.1,525.0,267.75,268.45,150.0
2025-10-01,09:32:46.000,268.1,525.0,267.75,268.45,150.0
2025-10-01,09:32:47.000,268.8,150.0,268.65,268.95,75.0
2025-10-01,09:32:48.000,268.2,75.0,267.9,268.5,150.0
2025-10-01,09:32:49.000,268.2,75.0,267.9,268.5,150.0
2025-10-01,09:32:50.000,268.25,75.0,267.95,268.55,300.0
2025-10-01,09:32:51.000,268.25,75.0,267.95,268.55,300.0
2025-10-01,09:32:52.000,268.15,150.0,267.95,268.35,900.0
2025-10-01,09:32:53.000,267.18,525.0,266.75,267.6,1125.0
2025-10-01,09:32:54.000,267.18,525.0,266.75,267.6,1125.0
2025-10-01,09:32:55.000,266.92,1350.0,266.5,267.35,300.0
2025-10-01,09:32:56.000,266.92,1350.0,266.5,267.35,300.0
2025-10-01,09:32:57.000,267.52,525.0,267.15,267.9,675.0
2025-10-01,09:32:58.000,267.85,600.0,267.5,268.2,150.0
2025-10-01,09:32:59.000,267.85,600.0,267.5,268.2,150.0
2025-10-01,09:33:00.000,268.75,525.0,268.5,269.0,600.0
2025-10-01,09:33:01.000,268.75,525.0,268.5,269.0,600.0
2025-10-01,09:33:02.000,269.1,75.0,268.75,269.45,375.0
2025-10-01,09:33:03.000,269.55,75.0,269.25,269.85,225.0
2025-10-01,09:33:04.000,269.55,75.0,269.25,269.85,225.0
2025-10-01,09:33:05.000,269.77,675.0,269.4,270.15,150.0
2025-10-01,09:33:06.000,269.77,675.0,269.4,270.15,150.0
2025-10-01,09:33:07.000,269.65,600.0,269.3,270.0,150.0
2025-10-01,09:33:08.000,269.58,150.0,269.4,269.75,150.0
2025-10-01,09:33:09.000,269.58,150.0,269.4,269.75,150.0
2025-10-01,09:33:10.000,271.08,450.0,270.65,271.5,75.0
2025-10-01,09:33:11.000,271.08,450.0,270.65,271.5,75.0
2025-10-01,09:33:12.000,270.67,75.0,270.4,270.95,600.0
2025-10-01,09:33:13.000,269.67,150.0,269.4,269.95,300.0
2025-10-01,09:33:14.000,269.67,150.0,269.4,269.95,300.0
2025-10-01,09:33:15.000,270.75,75.0,270.5,271.0,150.0
2025-10-01,09:33:16.000,270.75,75.0,270.5,271.0,150.0
2025-10-01,09:33:17.000,270.15,75.0,269.85,270.45,75.0
2025-10-01,09:33:18.000,270.1,75.0,269.8,270.4,75.0
2025-10-01,09:33:19.000,270.1,75.0,269.8,270.4,75.0
2025-10-01,09:33:20.000,270.4,75.0,270.1,270.7,75.0
2025-10-01,09:33:21.000,270.4,75.0,270.1,270.7,75.0
2025-10-01,09:33:22.000,271.02,300.0,270.7,271.35,525.0
2025-10-01,09:33:23.000,271.12,600.0,270.9,271.35,75.0
2025-10-01,09:33:24.000,271.12,600.0,270.9,271.35,75.0
2025-10-01,09:33:25.000,270.95,75.0,270.7,271.2,75.0
2025-10-01,09:33:26.000,270.95,75.0,270.7,271.2,75.0
2025-10-01,09:33:27.000,271.7,75.0,271.4,272.0,75.0
2025-10-01,09:33:28.000,272.08,525.0,271.75,272.4,75.0
2025-10-01,09:33:29.000,272.08,525.0,271.75,272.4,75.0
2025-10-01,09:33:30.000,271.98,75.0,271.65,272.3,75.0
2025-10-01,09:33:31.000,271.98,75.0,271.65,272.3,75.0
2025-10-01,09:33:32.000,271.95,75.0,271.55,272.35,375.0
2025-10-01,09:33:33.000,271.65,75.0,271.3,272.0,600.0
2025-10-01,09:33:34.000,271.65,75.0,271.3,272.0,600.0
2025-10-01,09:33:35.000,271.1,300.0,270.75,271.45,450.0
2025-10-01,09:33:36.000,271.1,300.0,270.75,271.45,450.0
2025-10-01,09:33:37.000,271.48,225.0,271.1,271.85,225.0
2025-10-01,09:33:38.000,271.65,75.0,271.35,271.95,450.0
2025-10-01,09:33:39.000,271.65,75.0,271.35,271.95,450.0
2025-10-01,09:33:40.000,270.42,225.0,270.25,270.6,450.0
2025-10-01,09:33:41.000,270.42,225.0,270.25,270.6,450.0
2025-10-01,09:33:42.000,270.55,1050.0,270.2,270.9,450.0
2025-10-01,09:33:43.000,271.1,150.0,270.75,271.45,375.0
2025-10-01,09:33:44.000,271.1,150.0,270.75,271.45,375.0
2025-10-01,09:33:45.000,271.4,375.0,271.1,271.7,225.0
2025-10-01,09:33:46.000,271.4,375.0,271.1,271.7,225.0
2025-10-01,09:33:47.000,270.75,225.0,270.4,271.1,75.0
2025-10-01,09:33:48.000,270.6,600.0,270.25,270.95,150.0
2025-10-01,09:33:49.000,270.6,600.0,270.25,270.95,150.0
2025-10-01,09:33:50.000,270.85,150.0,270.55,271.15,450.0
2025-10-01,09:33:51.000,270.85,150.0,270.55,271.15,450.0
2025-10-01,09:33:52.000,271.5,150.0,271.2,271.8,375.0
2025-10-01,09:33:53.000,271.25,150.0,271.1,271.4,300.0
2025-10-01,09:33:54.000,271.25,150.0,271.1,271.4,300.0
2025-10-01,09:33:55.000,271.67,375.0,271.45,271.9,75.0
2025-10-01,09:33:56.000,271.67,375.0,271.45,271.9,75.0
2025-10-01,09:33:57.000,271.45,375.0,271.1,271.8,450.0
2025-10-01,09:33:58.000,271.38,225.0,271.1,271.65,75.0
2025-10-01,09:33:59.000,271.38,225.0,271.1,271.65,75.0
2025-10-01,09:34:00.000,271.73,150.0,271.6,271.85,75.0
2025-10-01,09:34:01.000,271.73,150.0,271.6,271.85,75.0
2025-10-01,09:34:02.000,272.08,450.0,271.75,272.4,75.0
2025-10-01,09:34:03.000,272.05,300.0,271.75,272.35,150.0
2025-10-01,09:34:04.000,272.05,300.0,271.75,272.35,150.0
2025-10-01,09:34:05.000,272.12,1800.0,271.95,272.3,225.0
2025-10-01,09:34:06.000,272.12,1800.0,271.95,272.3,225.0
2025-10-01,09:34:07.000,272.3,225.0,272.1,272.5,675.0
2025-10-01,09:34:08.000,271.9,825.0,271.6,272.2,75.0
2025-10-01,09:34:09.000,271.9,825.0,271.6,272.2,75.0
2025-10-01,09:34:10.000,272.38,300.0,272.05,272.7,300.0
2025-10-01,09:34:11.000,272.38,300.0,272.05,272.7,300.0
2025-10-01,09:34:12.000,272.52,1800.0,272.35,272.7,300.0
2025-10-01,09:34:13.000,272.23,150.0,272.0,272.45,75.0
2025-10-01,09:34:14.000,272.23,150.0,272.0,272.45,75.0
2025-10-01,09:34:15.000,272.42,150.0,272.2,272.65,75.0
2025-10-01,09:34:16.000,272.42,150.0,272.2,272.65,75.0
2025-10-01,09:34:17.000,272.45,375.0,272.2,272.7,225.0
2025-10-01,09:34:18.000,272.58,1350.0,272.45,272.7,300.0
2025-10-01,09:34:19.000,272.58,1350.0,272.45,272.7,300.0
2025-10-01,09:34:20.000,272.62,1500.0,272.55,272.7,75.0
2025-10-01,09:34:21.000,272.62,1500.0,272.55,272.7,75.0
2025-10-01,09:34:22.000,273.55,75.0,273.35,273.75,150.0
2025-10-01,09:34:23.000,274.85,1650.0,274.65,275.05,300.0
2025-10-01,09:34:24.000,274.85,1650.0,274.65,275.05,300.0
2025-10-01,09:34:25.000,273.85,75.0,273.6,274.1,75.0
2025-10-01,09:34:26.000,273.85,75.0,273.6,274.1,75.0
2025-10-01,09:34:27.000,273.08,225.0,272.8,273.35,150.0
2025-10-01,09:34:28.000,273.23,450.0,272.9,273.55,300.0
2025-10-01,09:34:29.000,273.23,450.0,272.9,273.55,300.0
2025-10-01,09:34:30.000,272.9,300.0,272.6,273.2,150.0
2025-10-01,09:34:31.000,272.9,300.0,272.6,273.2,150.0
2025-10-01,09:34:32.000,272.5,450.0,272.25,272.75,75.0
2025-10-01,09:34:33.000,272.38,75.0,272.05,272.7,375.0
2025-10-01,09:34:34.000,272.38,75.0,272.05,272.7,375.0
2025-10-01,09:34:35.000,273.45,825.0,273.2,273.7,675.0
2025-10-01,09:34:36.000,273.45,825.0,273.2,273.7,675.0
2025-10-01,09:34:37.000,273.45,600.0,273.2,273.7,150.0
2025-10-01,09:34:38.000,273.32,675.0,273.0,273.65,75.0
2025-10-01,09:34:39.000,273.32,675.0,273.0,273.65,75.0
2025-10-01,09:34:40.000,272.98,75.0,272.75,273.2,75.0
2025-10-01,09:34:41.000,273.55,225.0,273.25,273.85,300.0
2025-10-01,09:34:42.000,273.55,225.0,273.25,273.85,300.0
2025-10-01,09:34:43.000,273.1,375.0,272.75,273.45,450.0
2025-10-01,09:34:44.000,273.1,375.0,272.75,273.45,450.0
2025-10-01,09:34:45.000,272.9,75.0,272.75,273.05,300.0
2025-10-01,09:34:46.000,272.9,75.0,272.75,273.05,75.0
2025-10-01,09:34:47.000,272.9,75.0,272.75,273.05,75.0
2025-10-01,09:34:48.000,272.45,150.0,272.25,272.65,75.0
2025-10-01,09:34:49.000,272.45,150.0,272.25,272.65,75.0
2025-10-01,09:34:50.000,272.58,525.0,272.3,272.85,75.0
2025-10-01,09:34:51.000,272.48,225.0,272.25,272.7,75.0
2025-10-01,09:34:52.000,272.48,225.0,272.25,272.7,75.0
2025-10-01,09:34:53.000,272.42,75.0,272.25,272.6,75.0
2025-10-01,09:34:54.000,272.42,75.0,272.25,272.6,75.0
2025-10-01,09:34:55.000,272.3,225.0,272.05,272.55,75.0
2025-10-01,09:34:56.000,272.3,225.0,272.05,272.55,75.0
2025-10-01,09:34:57.000,272.65,75.0,272.35,272.95,375.0
2025-10-01,09:34:58.000,272.68,450.0,272.35,273.0,2100.0
2025-10-01,09:34:59.000,272.68,450.0,272.35,273.0,2100.0
2025-10-01,09:35:00.000,272.65,225.0,272.35,272.95,300.0
2025-10-01,09:35:01.000,272.65,225.0,272.35,272.95,300.0
2025-10-01,09:35:02.000,273.23,300.0,273.05,273.4,75.0
2025-10-01,09:35:03.000,274.0,75.0,273.75,274.25,150.0
2025-10-01,09:35:04.000,274.0,75.0,273.75,274.25,150.0
2025-10-01,09:35:05.000,274.35,150.0,274.1,274.6,150.0
2025-10-01,09:35:06.000,274.35,150.0,274.1,274.6,150.0
2025-10-01,09:35:07.000,274.5,150.0,274.15,274.85,150.0
2025-10-01,09:35:08.000,274.32,150.0,274.0,274.65,300.0
2025-10-01,09:35:09.000,274.32,150.0,274.0,274.65,300.0
2025-10-01,09:35:10.000,274.08,75.0,274.0,274.15,300.0
2025-10-01,09:35:11.000,274.08,75.0,274.0,274.15,300.0
2025-10-01,09:35:12.000,274.08,450.0,273.8,274.35,150.0
2025-10-01,09:35:13.000,273.65,150.0,273.4,273.9,525.0
2025-10-01,09:35:14.000,273.65,150.0,273.4,273.9,525.0
2025-10-01,09:35:15.000,273.75,225.0,273.5,274.0,225.0
2025-10-01,09:35:16.000,273.75,225.0,273.5,274.0,225.0
2025-10-01,09:35:17.000,273.83,150.0,273.55,274.1,225.0
2025-10-01,09:35:18.000,273.6,150.0,273.4,273.8,75.0
2025-10-01,09:35:19.000,273.6,150.0,273.4,273.8,75.0
2025-10-01,09:35:20.000,273.23,75.0,273.0,273.45,450.0
2025-10-01,09:35:21.000,273.23,75.0,273.0,273.45,450.0
2025-10-01,09:35:22.000,273.2,300.0,272.9,273.5,225.0
2025-10-01,09:35:23.000,273.23,225.0,272.9,273.55,375.0
2025-10-01,09:35:24.000,273.23,225.0,272.9,273.55,375.0
2025-10-01,09:35:25.000,273.42,750.0,273.1,273.75,300.0
2025-10-01,09:35:26.000,273.42,750.0,273.1,273.75,300.0
2025-10-01,09:35:27.000,273.27,225.0,272.9,273.65,75.0
2025-10-01,09:35:28.000,273.62,450.0,273.3,273.95,150.0
2025-10-01,09:35:29.000,273.62,450.0,273.3,273.95,150.0
2025-10-01,09:35:30.000,273.42,300.0,273.1,273.75,150.0
2025-10-01,09:35:31.000,273.42,300.0,273.1,273.75,150.0
2025-10-01,09:35:32.000,273.4,375.0,273.05,273.75,150.0
2025-10-01,09:35:33.000,273.48,225.0,273.05,273.9,975.0
2025-10-01,09:35:34.000,273.48,225.0,273.05,273.9,975.0
2025-10-01,09:35:35.000,273.55,375.0,273.2,273.9,150.0
2025-10-01,09:35:36.000,273.55,375.0,273.2,273.9,150.0
2025-10-01,09:35:37.000,273.15,450.0,272.8,273.5,375.0
2025-10-01,09:35:38.000,273.45,525.0,273.1,273.8,675.0
2025-10-01,09:35:39.000,273.45,525.0,273.1,273.8,675.0
2025-10-01,09:35:40.000,272.77,225.0,272.55,273.0,300.0
2025-10-01,09:35:41.000,272.77,225.0,272.55,273.0,300.0
2025-10-01,09:35:42.000,272.52,75.0,272.15,272.9,375.0
2025-10-01,09:35:43.000,272.68,525.0,272.3,273.05,675.0
2025-10-01,09:35:44.000,272.68,525.0,272.3,273.05,675.0
2025-10-01,09:35:45.000,272.88,225.0,272.75,273.0,75.0
2025-10-01,09:35:46.000,272.88,225.0,272.75,273.0,75.0
2025-10-01,09:35:47.000,273.12,150.0,272.8,273.45,75.0
2025-10-01,09:35:48.000,272.73,600.0,272.4,273.05,225.0
2025-10-01,09:35:49.000,272.73,600.0,272.4,273.05,225.0
2025-10-01,09:35:50.000,272.82,300.0,272.5,273.15,150.0
2025-10-01,09:35:51.000,272.82,300.0,272.5,273.15,150.0
2025-10-01,09:35:52.000,272.1,300.0,272.0,272.2,300.0
2025-10-01,09:35:53.000,271.35,225.0,271.0,271.7,675.0
2025-10-01,09:35:54.000,271.35,225.0,271.0,271.7,675.0
2025-10-01,09:35:55.000,271.4,300.0,271.1,271.7,150.0
2025-10-01,09:35:56.000,271.4,300.0,271.1,271.7,150.0
2025-10-01,09:35:57.000,271.08,375.0,270.75,271.4,300.0
2025-10-01,09:35:58.000,270.98,150.0,270.75,271.2,75.0
2025-10-01,09:35:59.000,270.98,150.0,270.75,271.2,75.0
2025-10-01,09:36:00.000,270.45,75.0,270.15,270.75,75.0
2025-10-01,09:36:01.000,270.45,75.0,270.15,270.75,75.0
2025-10-01,09:36:02.000,270.88,450.0,270.55,271.2,300.0
2025-10-01,09:36:03.000,272.1,300.0,271.8,272.4,75.0
2025-10-01,09:36:04.000,272.1,300.0,271.8,272.4,75.0
2025-10-01,09:36:05.000,272.08,375.0,271.75,272.4,75.0
2025-10-01,09:36:06.000,272.08,375.0,271.75,272.4,75.0
2025-10-01,09:36:07.000,272.35,600.0,272.0,272.7,675.0
2025-10-01,09:36:08.000,273.15,450.0,272.95,273.35,150.0
2025-10-01,09:36:09.000,273.15,450.0,272.95,273.35,150.0
2025-10-01,09:36:10.000,272.52,375.0,272.25,272.8,75.0
2025-10-01,09:36:11.000,272.52,375.0,272.25,272.8,75.0
2025-10-01,09:36:12.000,274.12,900.0,273.8,274.45,150.0
2025-10-01,09:36:13.000,274.5,75.0,274.2,274.8,75.0
2025-10-01,09:36:14.000,274.5,75.0,274.2,274.8,75.0
2025-10-01,09:36:15.000,274.1,675.0,273.75,274.45,225.0
2025-10-01,09:36:16.000,274.1,675.0,273.75,274.45,225.0
2025-10-01,09:36:17.000,274.42,150.0,274.15,274.7,75.0
2025-10-01,09:36:18.000,274.38,75.0,274.1,274.65,225.0
2025-10-01,09:36:19.000,274.38,75.0,274.1,274.65,225.0
2025-10-01,09:36:20.000,274.3,75.0,274.0,274.6,300.0
2025-10-01,09:36:21.000,274.3,75.0,274.0,274.6,300.0
2025-10-01,09:36:22.000,274.4,450.0,274.05,274.75,75.0
2025-10-01,09:36:23.000,273.65,525.0,273.3,274.0,75.0
2025-10-01,09:36:24.000,273.65,525.0,273.3,274.0,75.0
2025-10-01,09:36:25.000,273.92,450.0,273.75,274.1,300.0
2025-10-01,09:36:26.000,273.92,450.0,273.75,274.1,300.0
2025-10-01,09:36:27.000,273.85,825.0,273.5,274.2,450.0
2025-10-01,09:36:28.000,274.23,75.0,273.95,274.5,375.0
2025-10-01,09:36:29.000,274.23,75.0,273.95,274.5,375.0
2025-10-01,09:36:30.000,274.25,75.0,273.95,274.55,150.0
2025-10-01,09:36:31.000,274.25,75.0,273.95,274.55,150.0
2025-10-01,09:36:32.000,274.05,75.0,273.7,274.4,375.0
2025-10-01,09:36:33.000,274.38,75.0,274.05,274.7,150.0
2025-10-01,09:36:34.000,274.38,75.0,274.05,274.7,150.0
2025-10-01,09:36:35.000,274.82,600.0,274.65,275.0,75.0
2025-10-01,09:36:36.000,274.82,600.0,274.65,275.0,75.0
2025-10-01,09:36:37.000,274.55,375.0,274.2,274.9,300.0
2025-10-01,09:36:38.000,274.27,75.0,274.0,274.55,150.0
2025-10-01,09:36:39.000,274.27,75.0,274.0,274.55,150.0
2025-10-01,09:36:40.000,274.52,150.0,274.15,274.9,450.0
2025-10-01,09:36:41.000,274.52,150.0,274.15,274.9,450.0
2025-10-01,09:36:42.000,275.12,75.0,274.8,275.45,525.0
2025-10-01,09:36:43.000,275.38,75.0,275.05,275.7,375.0
2025-10-01,09:36:44.000,275.38,75.0,275.05,275.7,375.0
2025-10-01,09:36:45.000,275.3,225.0,274.95,275.65,375.0
2025-10-01,09:36:46.000,275.3,225.0,274.95,275.65,375.0
2025-10-01,09:36:47.000,274.9,225.0,274.6,275.2,450.0
2025-10-01,09:36:48.000,274.9,225.0,274.75,275.05,300.0
2025-10-01,09:36:49.000,274.9,225.0,274.75,275.05,300.0
2025-10-01,09:36:50.000,274.58,225.0,274.2,274.95,150.0
2025-10-01,09:36:51.000,274.58,225.0,274.2,274.95,150.0
2025-10-01,09:36:52.000,274.48,450.0,274.1,274.85,450.0
2025-10-01,09:36:53.000,274.88,450.0,274.6,275.15,375.0
2025-10-01,09:36:54.000,274.88,450.0,274.6,275.15,375.0
2025-10-01,09:36:55.000,274.58,150.0,274.25,274.9,150.0
2025-10-01,09:36:56.000,274.58,150.0,274.25,274.9,150.0
2025-10-01,09:36:57.000,274.68,600.0,274.35,275.0,450.0
2025-10-01,09:36:58.000,274.68,300.0,274.35,275.0,375.0
2025-10-01,09:36:59.000,274.68,300.0,274.35,275.0,375.0
2025-10-01,09:37:00.000,274.55,150.0,274.2,274.9,150.0
2025-10-01,09:37:01.000,274.55,150.0,274.2,274.9,150.0
2025-10-01,09:37:02.000,274.1,375.0,273.7,274.5,375.0
2025-10-01,09:37:03.000,273.42,375.0,273.0,273.85,600.0
2025-10-01,09:37:04.000,273.42,375.0,273.0,273.85,600.0
2025-10-01,09:37:05.000,274.18,225.0,273.8,274.55,450.0
2025-10-01,09:37:06.000,274.18,225.0,273.8,274.55,450.0
2025-10-01,09:37:07.000,274.65,600.0,274.4,274.9,150.0
2025-10-01,09:37:08.000,275.25,375.0,274.9,275.6,150.0
2025-10-01,09:37:09.000,275.25,375.0,274.9,275.6,150.0
2025-10-01,09:37:10.000,275.2,375.0,274.85,275.55,75.0
2025-10-01,09:37:11.000,275.2,375.0,274.85,275.55,75.0
2025-10-01,09:37:12.000,274.82,525.0,274.65,275.0,75.0
2025-10-01,09:37:13.000,274.75,75.0,274.5,275.0,75.0
2025-10-01,09:37:14.000,274.75,75.0,274.5,275.0,75.0
2025-10-01,09:37:15.000,274.75,375.0,274.5,275.0,75.0
2025-10-01,09:37:16.000,274.75,375.0,274.5,275.0,75.0
2025-10-01,09:37:17.000,274.38,150.0,274.05,274.7,150.0
2025-10-01,09:37:18.000,274.6,75.0,274.3,274.9,150.0
2025-10-01,09:37:19.000,274.6,75.0,274.3,274.9,150.0
2025-10-01,09:37:20.000,274.27,450.0,274.05,274.5,300.0
2025-10-01,09:37:21.000,274.27,450.0,274.05,274.5,300.0
2025-10-01,09:37:22.000,274.65,675.0,274.3,275.0,600.0
2025-10-01,09:37:23.000,274.62,600.0,274.25,275.0,750.0
2025-10-01,09:37:24.000,274.62,600.0,274.25,275.0,750.0
2025-10-01,09:37:25.000,274.68,75.0,274.35,275.0,150.0
2025-10-01,09:37:26.000,274.68,75.0,274.35,275.0,150.0
2025-10-01,09:37:27.000,275.2,75.0,274.9,275.5,300.0
2025-10-01,09:37:28.000,275.1,375.0,274.75,275.45,75.0
2025-10-01,09:37:29.000,275.1,375.0,274.75,275.45,75.0
2025-10-01,09:37:30.000,275.12,75.0,274.85,275.4,150.0
2025-10-01,09:37:31.000,275.12,75.0,274.85,275.4,150.0
2025-10-01,09:37:32.000,275.18,525.0,274.8,275.55,675.0
2025-10-01,09:37:33.000,274.95,225.0,274.6,275.3,225.0
2025-10-01,09:37:34.000,274.95,225.0,274.6,275.3,225.0
2025-10-01,09:37:35.000,274.95,150.0,274.65,275.25,300.0
2025-10-01,09:37:36.000,274.95,150.0,274.65,275.25,300.0
2025-10-01,09:37:37.000,274.85,150.0,274.65,275.05,150.0
2025-10-01,09:37:38.000,274.85,75.0,274.65,275.05,150.0
2025-10-01,09:37:39.000,274.85,75.0,274.65,275.05,150.0
2025-10-01,09:37:40.000,274.45,525.0,274.25,274.65,75.0
2025-10-01,09:37:41.000,274.42,225.0,274.2,274.65,75.0
2025-10-01,09:37:42.000,274.42,225.0,274.2,274.65,75.0
2025-10-01,09:37:43.000,275.12,300.0,274.8,275.45,75.0
2025-10-01,09:37:44.000,275.12,300.0,274.8,275.45,75.0
2025-10-01,09:37:45.000,274.77,150.0,274.55,275.0,75.0
2025-10-01,09:37:46.000,274.75,300.0,274.5,275.0,75.0
2025-10-01,09:37:47.000,274.75,300.0,274.5,275.0,75.0
2025-10-01,09:37:48.000,274.82,225.0,274.65,275.0,75.0
2025-10-01,09:37:49.000,274.82,225.0,274.65,275.0,75.0
2025-10-01,09:37:50.000,275.52,300.0,275.2,275.85,1050.0
2025-10-01,09:37:51.000,275.12,375.0,274.8,275.45,225.0
2025-10-01,09:37:52.000,275.12,375.0,274.8,275.45,225.0
2025-10-01,09:37:53.000,275.02,150.0,274.7,275.35,225.0
2025-10-01,09:37:54.000,275.02,150.0,274.7,275.35,225.0
2025-10-01,09:37:55.000,274.95,75.0,274.65,275.25,300.0
2025-10-01,09:37:56.000,274.92,75.0,274.75,275.1,75.0
2025-10-01,09:37:57.000,274.92,75.0,274.75,275.1,75.0
2025-10-01,09:37:58.000,274.38,150.0,274.05,274.7,525.0
2025-10-01,09:37:59.000,274.38,150.0,274.05,274.7,525.0
2025-10-01,09:38:00.000,274.23,75.0,274.0,274.45,225.0
2025-10-01,09:38:01.000,274.5,225.0,274.15,274.85,225.0
2025-10-01,09:38:02.000,274.5,225.0,274.15,274.85,225.0
2025-10-01,09:38:03.000,273.4,225.0,273.3,273.5,150.0
2025-10-01,09:38:04.000,273.4,225.0,273.3,273.5,150.0
2025-10-01,09:38:05.000,273.18,525.0,272.8,273.55,300.0
2025-10-01,09:38:06.000,272.8,225.0,272.5,273.1,75.0
2025-10-01,09:38:07.000,272.8,225.0,272.5,273.1,75.0
2025-10-01,09:38:08.000,273.32,225.0,273.0,273.65,225.0
2025-10-01,09:38:09.000,273.32,225.0,273.0,273.65,225.0
2025-10-01,09:38:10.000,273.6,225.0,273.35,273.85,600.0
2025-10-01,09:38:11.000,273.2,75.0,272.95,273.45,1050.0
2025-10-01,09:38:12.000,273.2,75.0,272.95,273.45,1050.0
2025-10-01,09:38:13.000,273.0,300.0,272.7,273.3,75.0
2025-10-01,09:38:14.000,273.0,300.0,272.7,273.3,75.0
2025-10-01,09:38:15.000,272.9,300.0,272.7,273.1,75.0
2025-10-01,09:38:16.000,273.15,150.0,272.85,273.45,150.0
2025-10-01,09:38:17.000,273.15,150.0,272.85,273.45,150.0
2025-10-01,09:38:18.000,273.65,75.0,273.45,273.85,600.0
2025-10-01,09:38:19.000,273.65,75.0,273.45,273.85,600.0
2025-10-01,09:38:20.000,274.15,300.0,273.8,274.5,450.0
2025-10-01,09:38:21.000,274.05,300.0,273.7,274.4,600.0
2025-10-01,09:38:22.000,274.05,300.0,273.7,274.4,600.0
2025-10-01,09:38:23.000,274.05,150.0,273.75,274.35,375.0
2025-10-01,09:38:24.000,274.05,150.0,273.75,274.35,375.0
2025-10-01,09:38:25.000,273.3,150.0,272.9,273.7,600.0
2025-10-01,09:38:26.000,272.1,75.0,271.75,272.45,225.0
2025-10-01,09:38:27.000,272.1,75.0,271.75,272.45,225.0
2025-10-01,09:38:28.000,271.88,225.0,271.5,272.25,600.0
2025-10-01,09:38:29.000,271.88,225.0,271.5,272.25,600.0
2025-10-01,09:38:30.000,272.5,300.0,272.2,272.8,150.0
2025-10-01,09:38:31.000,272.9,225.0,272.55,273.25,375.0
2025-10-01,09:38:32.000,272.9,225.0,272.55,273.25,375.0
2025-10-01,09:38:33.000,272.9,150.0,272.6,273.2,150.0
2025-10-01,09:38:34.000,272.9,150.0,272.6,273.2,150.0
2025-10-01,09:38:35.000,273.08,150.0,272.75,273.4,150.0
2025-10-01,09:38:36.000,273.48,75.0,273.2,273.75,450.0
2025-10-01,09:38:37.000,273.48,75.0,273.2,273.75,450.0
2025-10-01,09:38:38.000,273.38,225.0,273.15,273.6,150.0
2025-10-01,09:38:39.000,273.38,225.0,273.15,273.6,150.0
2025-10-01,09:38:40.000,273.62,225.0,273.3,273.95,300.0
2025-10-01,09:38:41.000,273.52,150.0,273.35,273.7,150.0
2025-10-01,09:38:42.000,273.52,150.0,273.35,273.7,150.0
2025-10-01,09:38:43.000,273.12,375.0,272.85,273.4,150.0
2025-10-01,09:38:44.000,273.12,375.0,272.85,273.4,150.0
2025-10-01,09:38:45.000,273.2,300.0,272.9,273.5,150.0
2025-10-01,09:38:46.000,273.85,300.0,273.7,274.0,150.0
2025-10-01,09:38:47.000,273.85,300.0,273.7,274.0,150.0
2025-10-01,09:38:48.000,273.82,375.0,273.65,274.0,75.0
2025-10-01,09:38:49.000,273.82,375.0,273.65,274.0,75.0
2025-10-01,09:38:50.000,273.85,300.0,273.7,274.0,150.0
2025-10-01,09:38:51.000,273.85,300.0,273.7,274.0,300.0
2025-10-01,09:38:52.000,273.85,300.0,273.7,274.0,300.0
2025-10-01,09:38:53.000,273.85,150.0,273.75,273.95,225.0
2025-10-01,09:38:54.000,273.85,150.0,273.75,273.95,225.0
2025-10-01,09:38:55.000,273.35,450.0,273.0,273.7,375.0
2025-10-01,09:38:56.000,273.33,300.0,273.1,273.55,150.0
2025-10-01,09:38:57.000,273.33,300.0,273.1,273.55,150.0
2025-10-01,09:38:58.000,272.98,225.0,272.8,273.15,150.0
2025-10-01,09:38:59.000,272.98,225.0,272.8,273.15,150.0
2025-10-01,09:39:00.000,273.27,75.0,273.0,273.55,150.0
2025-10-01,09:39:01.000,272.92,225.0,272.85,273.0,975.0
2025-10-01,09:39:02.000,272.92,225.0,272.85,273.0,975.0
2025-10-01,09:39:03.000,272.88,300.0,272.75,273.0,750.0
2025-10-01,09:39:04.000,272.88,300.0,272.75,273.0,750.0
2025-10-01,09:39:05.000,273.0,75.0,272.6,273.4,225.0
2025-10-01,09:39:06.000,273.62,150.0,273.3,273.95,300.0
2025-10-01,09:39:07.000,273.62,150.0,273.3,273.95,300.0
2025-10-01,09:39:08.000,273.55,75.0,273.25,273.85,375.0
2025-10-01,09:39:09.000,273.55,75.0,273.25,273.85,375.0
2025-10-01,09:39:10.000,273.8,525.0,273.45,274.15,525.0
2025-10-01,09:39:11.000,273.38,75.0,273.0,273.75,600.0
2025-10-01,09:39:12.000,273.38,75.0,273.0,273.75,600.0
2025-10-01,09:39:13.000,273.52,300.0,273.15,273.9,375.0
2025-10-01,09:39:14.000,273.52,300.0,273.15,273.9,375.0
2025-10-01,09:39:15.000,273.85,150.0,273.5,274.2,450.0
2025-10-01,09:39:16.000,274.42,225.0,274.15,274.7,75.0
2025-10-01,09:39:17.000,274.42,225.0,274.15,274.7,75.0
2025-10-01,09:39:18.000,274.88,150.0,274.75,275.0,525.0
2025-10-01,09:39:19.000,274.88,150.0,274.75,275.0,525.0
2025-10-01,09:39:20.000,274.92,75.0,274.7,275.15,450.0
2025-10-01,09:39:21.000,275.0,75.0,274.7,275.3,225.0
2025-10-01,09:39:22.000,275.0,75.0,274.7,275.3,225.0
2025-10-01,09:39:23.000,274.52,225.0,274.35,274.7,150.0
2025-10-01,09:39:24.000,274.52,225.0,274.35,274.7,150.0
2025-10-01,09:39:25.000,274.5,75.0,274.3,274.7,150.0
2025-10-01,09:39:26.000,274.8,75.0,274.5,275.1,300.0
2025-10-01,09:39:27.000,274.8,75.0,274.5,275.1,300.0
2025-10-01,09:39:28.000,275.3,225.0,274.95,275.65,450.0
2025-10-01,09:39:29.000,275.3,225.0,274.95,275.65,450.0
2025-10-01,09:39:30.000,275.12,300.0,274.85,275.4,75.0
2025-10-01,09:39:31.000,276.18,375.0,276.0,276.35,150.0
2025-10-01,09:39:32.000,276.18,375.0,276.0,276.35,150.0
2025-10-01,09:39:33.000,276.55,75.0,276.3,276.8,75.0
2025-10-01,09:39:34.000,276.55,75.0,276.3,276.8,75.0
2025-10-01,09:39:35.000,276.82,150.0,276.65,277.0,300.0
2025-10-01,09:39:36.000,276.5,150.0,276.15,276.85,450.0
2025-10-01,09:39:37.000,276.5,150.0,276.15,276.85,450.0
2025-10-01,09:39:38.000,275.92,75.0,275.6,276.25,450.0
2025-10-01,09:39:39.000,275.92,75.0,275.6,276.25,450.0
2025-10-01,09:39:40.000,276.02,375.0,275.65,276.4,750.0
2025-10-01,09:39:41.000,276.35,75.0,276.0,276.7,375.0
2025-10-01,09:39:42.000,276.35,75.0,276.0,276.7,375.0
2025-10-01,09:39:43.000,276.67,75.0,276.4,276.95,75.0
2025-10-01,09:39:44.000,276.67,75.0,276.4,276.95,75.0
2025-10-01,09:39:45.000,276.65,150.0,276.35,276.95,300.0
2025-10-01,09:39:46.000,276.45,75.0,276.1,276.8,375.0
2025-10-01,09:39:47.000,276.45,75.0,276.1,276.8,375.0
2025-10-01,09:39:48.000,276.23,75.0,275.85,276.6,675.0
2025-10-01,09:39:49.000,276.55,300.0,276.2,276.9,450.0
2025-10-01,09:39:50.000,276.55,300.0,276.2,276.9,450.0
2025-10-01,09:39:51.000,276.58,150.0,276.25,276.9,225.0
2025-10-01,09:39:52.000,276.58,150.0,276.25,276.9,225.0
2025-10-01,09:39:53.000,276.62,75.0,276.35,276.9,75.0
2025-10-01,09:39:54.000,276.35,150.0,276.05,276.65,75.0
2025-10-01,09:39:55.000,276.35,150.0,276.05,276.65,75.0
2025-10-01,09:39:56.000,276.23,75.0,276.0,276.45,150.0
2025-10-01,09:39:57.000,276.23,75.0,276.0,276.45,150.0
2025-10-01,09:39:58.000,276.12,225.0,275.8,276.45,450.0
2025-10-01,09:39:59.000,275.9,375.0,275.55,276.25,225.0
2025-10-01,09:40:00.000,275.9,375.0,275.55,276.25,225.0
2025-10-01,09:40:01.000,276.05,75.0,275.75,276.35,150.0
2025-10-01,09:40:02.000,276.05,75.0,275.75,276.35,150.0
2025-10-01,09:40:03.000,275.9,150.0,275.8,276.0,375.0
2025-10-01,09:40:04.000,275.52,75.0,275.25,275.8,150.0
2025-10-01,09:40:05.000,275.52,75.0,275.25,275.8,150.0
2025-10-01,09:40:06.000,276.0,75.0,275.65,276.35,225.0
2025-10-01,09:40:07.000,276.0,75.0,275.65,276.35,225.0
2025-10-01,09:40:08.000,276.18,150.0,275.85,276.5,375.0
2025-10-01,09:40:09.000,276.0,375.0,275.7,276.3,75.0
2025-10-01,09:40:10.000,276.0,375.0,275.7,276.3,75.0
2025-10-01,09:40:11.000,276.18,75.0,275.85,276.5,525.0
2025-10-01,09:40:12.000,276.18,75.0,275.85,276.5,525.0
2025-10-01,09:40:13.000,275.6,525.0,275.25,275.95,525.0
2025-10-01,09:40:14.000,275.4,75.0,275.25,275.55,75.0
2025-10-01,09:40:15.000,275.4,75.0,275.25,275.55,75.0
2025-10-01,09:40:16.000,274.98,375.0,274.65,275.3,150.0
2025-10-01,09:40:17.000,274.98,375.0,274.65,275.3,150.0
2025-10-01,09:40:18.000,274.88,300.0,274.55,275.2,150.0
2025-10-01,09:40:19.000,275.12,450.0,274.8,275.45,75.0
2025-10-01,09:40:20.000,275.12,450.0,274.8,275.45,75.0
2025-10-01,09:40:21.000,275.32,150.0,275.0,275.65,375.0
2025-10-01,09:40:22.000,275.32,150.0,275.0,275.65,375.0
2025-10-01,09:40:23.000,274.48,225.0,274.15,274.8,75.0
2025-10-01,09:40:24.000,274.42,450.0,274.05,274.8,300.0
2025-10-01,09:40:25.000,274.42,450.0,274.05,274.8,300.0
2025-10-01,09:40:26.000,274.6,225.0,274.3,274.9,75.0
2025-10-01,09:40:27.000,274.6,225.0,274.3,274.9,75.0
2025-10-01,09:40:28.000,274.6,450.0,274.3,274.9,75.0
2025-10-01,09:40:29.000,274.38,225.0,274.1,274.65,75.0
2025-10-01,09:40:30.000,274.38,225.0,274.1,274.65,75.0
2025-10-01,09:40:31.000,274.32,600.0,274.0,274.65,150.0
2025-10-01,09:40:32.000,274.32,600.0,274.0,274.65,150.0
2025-10-01,09:40:33.000,274.05,75.0,273.75,274.35,75.0
2025-10-01,09:40:34.000,274.02,375.0,273.75,274.3,75.0
2025-10-01,09:40:35.000,274.02,375.0,273.75,274.3,75.0
2025-10-01,09:40:36.000,274.42,375.0,274.1,274.75,300.0
2025-10-01,09:40:37.000,274.42,375.0,274.1,274.75,300.0
2025-10-01,09:40:38.000,274.23,1200.0,274.0,274.45,75.0
2025-10-01,09:40:39.000,273.75,225.0,273.6,273.9,225.0
2025-10-01,09:40:40.000,273.75,225.0,273.6,273.9,225.0
2025-10-01,09:40:41.000,273.73,75.0,273.5,273.95,75.0
2025-10-01,09:40:42.000,273.58,225.0,273.3,273.85,225.0
2025-10-01,09:40:43.000,273.58,225.0,273.3,273.85,225.0
2025-10-01,09:40:44.000,273.23,75.0,273.0,273.45,75.0
2025-10-01,09:40:45.000,273.23,75.0,273.0,273.45,75.0
2025-10-01,09:40:46.000,274.23,300.0,273.9,274.55,375.0
2025-10-01,09:40:47.000,274.82,450.0,274.65,275.0,75.0
2025-10-01,09:40:48.000,274.82,450.0,274.65,275.0,75.0
2025-10-01,09:40:49.000,275.73,300.0,275.45,276.0,225.0
2025-10-01,09:40:50.000,275.73,300.0,275.45,276.0,225.0
2025-10-01,09:40:51.000,275.33,75.0,275.05,275.6,300.0
2025-10-01,09:40:52.000,275.18,600.0,274.85,275.5,375.0
2025-10-01,09:40:53.000,275.18,600.0,274.85,275.5,375.0
2025-10-01,09:40:54.000,275.65,225.0,275.35,275.95,225.0
2025-10-01,09:40:55.000,275.65,225.0,275.35,275.95,225.0
2025-10-01,09:40:56.000,275.88,525.0,275.75,276.0,75.0
2025-10-01,09:40:57.000,275.73,75.0,275.5,275.95,225.0
2025-10-01,09:40:58.000,275.73,75.0,275.5,275.95,225.0
2025-10-01,09:40:59.000,275.6,75.0,275.3,275.9,75.0
2025-10-01,09:41:00.000,275.6,75.0,275.3,275.9,75.0
2025-10-01,09:41:01.000,275.73,600.0,275.4,276.05,600.0
2025-10-01,09:41:02.000,276.8,600.0,276.6,277.0,900.0
2025-10-01,09:41:03.000,276.8,600.0,276.6,277.0,900.0
2025-10-01,09:41:04.000,276.9,150.0,276.65,277.15,75.0
2025-10-01,09:41:05.000,276.9,150.0,276.65,277.15,75.0
2025-10-01,09:41:06.000,277.45,225.0,277.1,277.8,525.0
2025-10-01,09:41:07.000,277.0,375.0,276.65,277.35,300.0
2025-10-01,09:41:08.000,277.0,375.0,276.65,277.35,300.0
2025-10-01,09:41:09.000,277.1,225.0,276.8,277.4,75.0
2025-10-01,09:41:10.000,277.1,225.0,276.8,277.4,75.0
2025-10-01,09:41:11.000,277.8,375.0,277.45,278.15,75.0
2025-10-01,09:41:12.000,278.1,150.0,277.8,278.4,375.0
2025-10-01,09:41:13.000,278.1,150.0,277.8,278.4,375.0
2025-10-01,09:41:14.000,278.18,75.0,277.85,278.5,375.0
2025-10-01,09:41:15.000,278.18,75.0,277.85,278.5,375.0
2025-10-01,09:41:16.000,278.33,150.0,278.05,278.6,75.0
2025-10-01,09:41:17.000,277.8,600.0,277.45,278.15,150.0
2025-10-01,09:41:18.000,277.8,600.0,277.45,278.15,150.0
2025-10-01,09:41:19.000,277.98,600.0,277.65,278.3,75.0
2025-10-01,09:41:20.000,277.98,600.0,277.65,278.3,75.0
2025-10-01,09:41:21.000,278.02,300.0,277.7,278.35,75.0
2025-10-01,09:41:22.000,277.98,900.0,277.6,278.35,150.0
2025-10-01,09:41:23.000,277.98,900.0,277.6,278.35,150.0
2025-10-01,09:41:24.000,277.7,375.0,277.45,277.95,150.0
2025-10-01,09:41:25.000,277.7,375.0,277.45,277.95,150.0
2025-10-01,09:41:26.000,277.42,150.0,277.1,277.75,75.0
2025-10-01,09:41:27.000,277.05,450.0,276.7,277.4,225.0
2025-10-01,09:41:28.000,277.05,450.0,276.7,277.4,225.0
2025-10-01,09:41:29.000,277.4,300.0,277.1,277.7,75.0
2025-10-01,09:41:30.000,277.4,300.0,277.1,277.7,75.0
2025-10-01,09:41:31.000,276.95,75.0,276.65,277.25,150.0
2025-10-01,09:41:32.000,276.65,450.0,276.3,277.0,225.0
2025-10-01,09:41:33.000,276.65,450.0,276.3,277.0,225.0
2025-10-01,09:41:34.000,276.55,150.0,276.25,276.85,150.0
2025-10-01,09:41:35.000,276.55,150.0,276.25,276.85,150.0
2025-10-01,09:41:36.000,276.27,225.0,275.95,276.6,375.0
2025-10-01,09:41:37.000,276.55,225.0,276.45,276.65,75.0
2025-10-01,09:41:38.000,276.55,225.0,276.45,276.65,75.0
2025-10-01,09:41:39.000,276.48,300.0,276.3,276.65,75.0
2025-10-01,09:41:40.000,276.48,300.0,276.3,276.65,75.0
2025-10-01,09:41:41.000,277.48,525.0,277.15,277.8,300.0
2025-10-01,09:41:42.000,277.38,450.0,277.05,277.7,75.0
2025-10-01,09:41:43.000,277.38,450.0,277.05,277.7,75.0
2025-10-01,09:41:44.000,277.05,75.0,276.75,277.35,150.0
2025-10-01,09:41:45.000,277.05,75.0,276.75,277.35,150.0
2025-10-01,09:41:46.000,276.98,375.0,276.65,277.3,225.0
2025-10-01,09:41:47.000,276.77,225.0,276.45,277.1,150.0
2025-10-01,09:41:48.000,276.77,225.0,276.45,277.1,150.0
2025-10-01,09:41:49.000,277.18,150.0,276.85,277.5,450.0
2025-10-01,09:41:50.000,277.18,150.0,276.85,277.5,450.0
2025-10-01,09:41:51.000,276.75,450.0,276.4,277.1,225.0
2025-10-01,09:41:52.000,276.73,225.0,276.5,276.95,825.0
2025-10-01,09:41:53.000,276.73,225.0,276.5,276.95,825.0
2025-10-01,09:41:54.000,277.0,150.0,276.7,277.3,225.0
2025-10-01,09:41:55.000,277.0,150.0,276.7,277.3,225.0
2025-10-01,09:41:56.000,277.08,75.0,276.8,277.35,75.0
2025-10-01,09:41:57.000,276.77,150.0,276.45,277.1,225.0
2025-10-01,09:41:58.000,276.77,150.0,276.45,277.1,225.0
2025-10-01,09:41:59.000,277.27,300.0,277.2,277.35,75.0
2025-10-01,09:42:00.000,277.27,300.0,277.2,277.35,75.0
2025-10-01,09:42:01.000,277.15,750.0,276.95,277.35,75.0
2025-10-01,09:42:02.000,277.23,75.0,276.95,277.5,450.0
2025-10-01,09:42:03.000,277.23,75.0,276.95,277.5,450.0
2025-10-01,09:42:04.000,277.42,75.0,277.3,277.55,75.0
2025-10-01,09:42:05.000,277.42,75.0,277.3,277.55,75.0
2025-10-01,09:42:06.000,277.05,75.0,276.75,277.35,150.0
2025-10-01,09:42:07.000,277.42,75.0,277.3,277.55,75.0
2025-10-01,09:42:08.000,277.42,75.0,277.3,277.55,75.0
2025-10-01,09:42:09.000,277.2,150.0,276.95,277.45,300.0
2025-10-01,09:42:10.000,277.2,150.0,276.95,277.45,300.0
2025-10-01,09:42:11.000,277.48,75.0,277.2,277.75,150.0
2025-10-01,09:42:12.000,277.2,150.0,276.9,277.5,300.0
2025-10-01,09:42:13.000,277.2,150.0,276.9,277.5,300.0
2025-10-01,09:42:14.000,277.35,75.0,277.05,277.65,150.0
2025-10-01,09:42:15.000,277.35,75.0,277.05,277.65,150.0
2025-10-01,09:42:16.000,277.35,225.0,277.1,277.6,300.0
2025-10-01,09:42:17.000,277.12,225.0,276.8,277.45,375.0
2025-10-01,09:42:18.000,277.12,225.0,276.8,277.45,375.0
2025-10-01,09:42:19.000,277.38,225.0,277.25,277.5,1575.0
2025-10-01,09:42:20.000,277.38,225.0,277.25,277.5,1575.0
2025-10-01,09:42:21.000,277.27,225.0,277.05,277.5,675.0
2025-10-01,09:42:22.000,278.6,225.0,278.25,278.95,150.0
2025-10-01,09:42:23.000,278.6,225.0,278.25,278.95,150.0
2025-10-01,09:42:24.000,278.58,525.0,278.3,278.85,300.0
2025-10-01,09:42:25.000,278.58,525.0,278.3,278.85,300.0
2025-10-01,09:42:26.000,279.1,675.0,279.05,279.15,525.0
2025-10-01,09:42:27.000,279.7,75.0,279.65,279.75,300.0
2025-10-01,09:42:28.000,279.7,75.0,279.65,279.75,300.0
2025-10-01,09:42:29.000,279.23,150.0,278.85,279.6,450.0
2025-10-01,09:42:30.000,279.23,150.0,278.85,279.6,450.0
2025-10-01,09:42:31.000,279.2,225.0,278.9,279.5,150.0
2025-10-01,09:42:32.000,278.98,225.0,278.75,279.2,1725.0
2025-10-01,09:42:33.000,278.98,225.0,278.75,279.2,1725.0
2025-10-01,09:42:34.000,279.5,150.0,279.2,279.8,450.0
2025-10-01,09:42:35.000,279.5,150.0,279.2,279.8,450.0
2025-10-01,09:42:36.000,279.42,300.0,279.05,279.8,450.0
2025-10-01,09:42:37.000,279.2,75.0,279.0,279.4,2625.0
2025-10-01,09:42:38.000,279.2,75.0,279.0,279.4,2625.0
2025-10-01,09:42:39.000,279.2,75.0,279.0,279.4,1800.0
2025-10-01,09:42:40.000,279.2,75.0,279.0,279.4,1800.0
2025-10-01,09:42:41.000,279.8,150.0,279.6,280.0,450.0
2025-10-01,09:42:42.000,280.38,150.0,280.05,280.7,375.0
2025-10-01,09:42:43.000,280.38,150.0,280.05,280.7,375.0
2025-10-01,09:42:44.000,279.88,75.0,279.6,280.15,75.0
2025-10-01,09:42:45.000,279.88,75.0,279.6,280.15,75.0
2025-10-01,09:42:46.000,279.85,525.0,279.5,280.2,1800.0
2025-10-01,09:42:47.000,280.02,75.0,279.85,280.2,1875.0
2025-10-01,09:42:48.000,280.02,75.0,279.85,280.2,1875.0
2025-10-01,09:42:49.000,279.65,150.0,279.5,279.8,1725.0
2025-10-01,09:42:50.000,279.65,150.0,279.5,279.8,1725.0
2025-10-01,09:42:51.000,279.25,75.0,279.0,279.5,450.0
2025-10-01,09:42:52.000,279.45,375.0,279.1,279.8,1800.0
2025-10-01,09:42:53.000,279.45,375.0,279.1,279.8,1800.0
2025-10-01,09:42:54.000,279.48,525.0,279.15,279.8,1500.0
2025-10-01,09:42:55.000,279.48,525.0,279.15,279.8,1500.0
2025-10-01,09:42:56.000,279.25,150.0,279.0,279.5,900.0
2025-10-01,09:42:57.000,279.08,225.0,278.75,279.4,525.0
2025-10-01,09:42:58.000,279.08,225.0,278.75,279.4,525.0
2025-10-01,09:42:59.000,279.27,300.0,279.05,279.5,900.0
2025-10-01,09:43:00.000,279.27,300.0,279.05,279.5,900.0
2025-10-01,09:43:01.000,278.9,150.0,278.75,279.05,900.0
2025-10-01,09:43:02.000,279.5,150.0,279.25,279.75,150.0
2025-10-01,09:43:03.000,279.5,150.0,279.25,279.75,150.0
2025-10-01,09:43:04.000,279.27,75.0,279.0,279.55,825.0
2025-10-01,09:43:05.000,279.27,75.0,279.0,279.55,825.0
2025-10-01,09:43:06.000,278.9,600.0,278.55,279.25,150.0
2025-10-01,09:43:07.000,278.75,450.0,278.5,279.0,375.0
2025-10-01,09:43:08.000,278.75,450.0,278.5,279.0,375.0
2025-10-01,09:43:09.000,278.85,75.0,278.7,279.0,375.0
2025-10-01,09:43:10.000,278.85,75.0,278.7,279.0,375.0
2025-10-01,09:43:11.000,278.7,75.0,278.4,279.0,300.0
2025-10-01,09:43:12.000,279.05,75.0,278.75,279.35,375.0
2025-10-01,09:43:13.000,279.05,75.0,278.75,279.35,375.0
2025-10-01,09:43:14.000,278.5,75.0,278.2,278.8,150.0
2025-10-01,09:43:15.000,278.5,75.0,278.2,278.8,150.0
2025-10-01,09:43:16.000,278.85,150.0,278.6,279.1,300.0
2025-10-01,09:43:17.000,279.27,75.0,279.05,279.5,1125.0
2025-10-01,09:43:18.000,279.27,75.0,279.05,279.5,1125.0
2025-10-01,09:43:19.000,279.67,75.0,279.4,279.95,225.0
2025-10-01,09:43:20.000,279.67,75.0,279.4,279.95,225.0
2025-10-01,09:43:21.000,280.58,150.0,280.35,280.8,75.0
2025-10-01,09:43:22.000,281.32,75.0,280.95,281.7,225.0
2025-10-01,09:43:23.000,281.32,75.0,280.95,281.7,225.0
2025-10-01,09:43:24.000,280.95,150.0,280.6,281.3,225.0
2025-10-01,09:43:25.000,281.5,150.0,281.15,281.85,150.0
2025-10-01,09:43:26.000,281.5,150.0,281.15,281.85,150.0
2025-10-01,09:43:27.000,281.08,75.0,280.8,281.35,150.0
2025-10-01,09:43:28.000,281.08,75.0,280.8,281.35,150.0
2025-10-01,09:43:29.000,280.48,150.0,280.15,280.8,225.0
2025-10-01,09:43:30.000,279.82,225.0,279.5,280.15,150.0
2025-10-01,09:43:31.000,279.82,225.0,279.5,280.15,150.0
2025-10-01,09:43:32.000,279.35,750.0,279.0,279.7,450.0
2025-10-01,09:43:33.000,279.35,750.0,279.0,279.7,450.0
2025-10-01,09:43:34.000,279.7,75.0,279.4,280.0,300.0
2025-10-01,09:43:35.000,279.7,75.0,279.4,280.0,300.0
2025-10-01,09:43:36.000,279.62,150.0,279.3,279.95,150.0
2025-10-01,09:43:37.000,279.38,75.0,279.1,279.65,150.0
2025-10-01,09:43:38.000,279.38,75.0,279.1,279.65,150.0
2025-10-01,09:43:39.000,279.32,150.0,279.0,279.65,150.0
2025-10-01,09:43:40.000,279.32,150.0,279.0,279.65,150.0
2025-10-01,09:43:41.000,278.98,75.0,278.7,279.25,225.0
2025-10-01,09:43:42.000,278.83,75.0,278.55,279.1,225.0
2025-10-01,09:43:43.000,278.83,75.0,278.55,279.1,225.0
2025-10-01,09:43:44.000,279.1,300.0,278.85,279.35,75.0
2025-10-01,09:43:45.000,279.1,300.0,278.85,279.35,75.0
2025-10-01,09:43:46.000,279.58,75.0,279.3,279.85,150.0
2025-10-01,09:43:47.000,280.85,75.0,280.7,281.0,75.0
2025-10-01,09:43:48.000,280.85,75.0,280.7,281.0,75.0
2025-10-01,09:43:49.000,280.98,300.0,280.65,281.3,150.0
2025-10-01,09:43:50.000,280.98,300.0,280.65,281.3,150.0
2025-10-01,09:43:51.000,281.08,375.0,280.75,281.4,75.0
2025-10-01,09:43:52.000,280.38,75.0,280.05,280.7,300.0
2025-10-01,09:43:53.000,280.38,75.0,280.05,280.7,300.0
2025-10-01,09:43:54.000,280.7,150.0,280.4,281.0,150.0
2025-10-01,09:43:55.000,280.7,150.0,280.4,281.0,150.0
2025-10-01,09:43:56.000,281.98,150.0,281.65,282.3,225.0
2025-10-01,09:43:57.000,282.32,75.0,282.0,282.65,300.0
2025-10-01,09:43:58.000,282.32,75.0,282.0,282.65,300.0
2025-10-01,09:43:59.000,283.73,225.0,283.35,284.1,225.0
2025-10-01,09:44:00.000,283.73,225.0,283.35,284.1,225.0
2025-10-01,09:44:01.000,283.25,75.0,282.9,283.6,75.0
2025-10-01,09:44:02.000,282.8,825.0,282.4,283.2,900.0
2025-10-01,09:44:03.000,282.8,825.0,282.4,283.2,900.0
2025-10-01,09:44:04.000,283.0,225.0,282.65,283.35,150.0
2025-10-01,09:44:05.000,284.25,375.0,283.85,284.65,300.0
2025-10-01,09:44:06.000,284.25,375.0,283.85,284.65,300.0
2025-10-01,09:44:07.000,283.52,150.0,283.25,283.8,75.0
2025-10-01,09:44:08.000,283.52,150.0,283.25,283.8,75.0
2025-10-01,09:44:09.000,284.32,375.0,283.9,284.75,375.0
2025-10-01,09:44:10.000,284.18,750.0,283.8,284.55,450.0
2025-10-01,09:44:11.000,284.18,750.0,283.8,284.55,450.0
2025-10-01,09:44:12.000,284.4,225.0,284.05,284.75,300.0
2025-10-01,09:44:13.000,284.3,75.0,284.05,284.55,150.0
2025-10-01,09:44:14.000,284.3,75.0,284.05,284.55,150.0
2025-10-01,09:44:15.000,284.68,150.0,284.35,285.0,525.0
2025-10-01,09:44:16.000,284.68,150.0,284.35,285.0,525.0
2025-10-01,09:44:17.000,284.7,375.0,284.4,285.0,525.0
2025-10-01,09:44:18.000,285.4,75.0,285.1,285.7,300.0
2025-10-01,09:44:19.000,285.4,75.0,285.1,285.7,300.0
2025-10-01,09:44:20.000,286.0,150.0,285.65,286.35,225.0
2025-10-01,09:44:21.000,286.0,150.0,285.65,286.35,225.0
2025-10-01,09:44:22.000,285.77,150.0,285.45,286.1,75.0
2025-10-01,09:44:23.000,285.8,225.0,285.45,286.15,150.0
2025-10-01,09:44:24.000,285.8,225.0,285.45,286.15,150.0
2025-10-01,09:44:25.000,286.48,225.0,286.1,286.85,525.0
2025-10-01,09:44:26.000,286.48,225.0,286.1,286.85,525.0
2025-10-01,09:44:27.000,286.88,150.0,286.5,287.25,225.0
2025-10-01,09:44:28.000,287.32,75.0,287.0,287.65,150.0
2025-10-01,09:44:29.000,287.32,75.0,287.0,287.65,150.0
2025-10-01,09:44:30.000,287.38,525.0,286.9,287.85,225.0
2025-10-01,09:44:31.000,287.38,525.0,286.9,287.85,225.0
2025-10-01,09:44:32.000,287.12,225.0,286.7,287.55,375.0
2025-10-01,09:44:33.000,286.62,450.0,286.25,287.0,450.0
2025-10-01,09:44:34.000,286.62,450.0,286.25,287.0,450.0
2025-10-01,09:44:35.000,286.38,675.0,286.0,286.75,150.0
2025-10-01,09:44:36.000,286.38,675.0,286.0,286.75,150.0
2025-10-01,09:44:37.000,286.42,225.0,286.05,286.8,450.0
2025-10-01,09:44:38.000,285.73,75.0,285.4,286.05,150.0
2025-10-01,09:44:39.000,285.73,75.0,285.4,286.05,150.0
2025-10-01,09:44:40.000,285.32,975.0,285.0,285.65,375.0
2025-10-01,09:44:41.000,284.88,450.0,284.8,284.95,450.0
2025-10-01,09:44:42.000,284.88,450.0,284.8,284.95,450.0
2025-10-01,09:44:43.000,285.08,375.0,284.8,285.35,150.0
2025-10-01,09:44:44.000,285.08,375.0,284.8,285.35,150.0
2025-10-01,09:44:45.000,285.12,675.0,284.75,285.5,300.0
2025-10-01,09:44:46.000,286.12,375.0,285.75,286.5,75.0
2025-10-01,09:44:47.000,286.12,375.0,285.75,286.5,75.0
2025-10-01,09:44:48.000,286.77,750.0,286.55,287.0,225.0
2025-10-01,09:44:49.000,286.77,750.0,286.55,287.0,225.0
2025-10-01,09:44:50.000,286.62,150.0,286.3,286.95,375.0
2025-10-01,09:44:51.000,286.27,375.0,285.9,286.65,375.0
2025-10-01,09:44:52.000,286.27,375.0,285.9,286.65,375.0
2025-10-01,09:44:53.000,285.75,150.0,285.4,286.1,225.0
2025-10-01,09:44:54.000,285.75,150.0,285.4,286.1,225.0
2025-10-01,09:44:55.000,285.82,75.0,285.5,286.15,375.0
2025-10-01,09:44:56.000,285.62,75.0,285.3,285.95,150.0
2025-10-01,09:44:57.000,285.62,75.0,285.3,285.95,150.0
2025-10-01,09:44:58.000,285.65,300.0,285.3,286.0,225.0
2025-10-01,09:44:59.000,285.65,300.0,285.3,286.0,225.0
2025-10-01,09:45:00.000,285.18,150.0,284.8,285.55,150.0
2025-10-01,09:45:01.000,284.8,450.0,284.4,285.2,525.0
2025-10-01,09:45:02.000,284.8,450.0,284.4,285.2,525.0
2025-10-01,09:45:03.000,283.77,600.0,283.35,284.2,150.0
2025-10-01,09:45:04.000,283.77,600.0,283.35,284.2,150.0
2025-10-01,09:45:05.000,284.68,75.0,284.3,285.05,150.0
2025-10-01,09:45:06.000,284.7,900.0,284.25,285.15,150.0
