Date,Time,MID_PRICE,BID_SIZE,BID_PRICE,ASK_PRICE,ASK_SIZE
2025-10-01,09:15:00.000,359.33,150.0,358.55,360.1,300.0
2025-10-01,09:15:01.000,359.33,150.0,358.55,360.1,300.0
2025-10-01,09:15:02.000,359.33,150.0,358.55,360.1,300.0
2025-10-01,09:15:03.000,359.33,150.0,358.55,360.1,300.0
2025-10-01,09:15:04.000,359.33,150.0,358.55,360.1,300.0
2025-10-01,09:15:05.000,359.33,150.0,358.55,360.1,300.0
2025-10-01,09:15:06.000,359.33,150.0,358.55,360.1,300.0
2025-10-01,09:15:07.000,359.33,150.0,358.55,360.1,300.0
2025-10-01,09:15:08.000,359.33,150.0,358.55,360.1,300.0
2025-10-01,09:15:09.000,359.33,150.0,358.55,360.1,300.0
2025-10-01,09:15:10.000,359.33,150.0,358.55,360.1,300.0
2025-10-01,09:15:11.000,359.33,150.0,358.55,360.1,300.0
2025-10-01,09:15:12.000,356.5,225.0,355.05,357.95,150.0
2025-10-01,09:15:13.000,356.5,225.0,355.05,357.95,150.0
2025-10-01,09:15:14.000,356.62,150.0,356.05,357.2,150.0
2025-10-01,09:15:15.000,357.0,150.0,356.3,357.7,225.0
2025-10-01,09:15:16.000,356.0,150.0,355.3,356.7,225.0
2025-10-01,09:15:17.000,356.0,150.0,355.3,356.7,225.0
2025-10-01,09:15:18.000,357.35,150.0,356.75,357.95,225.0
2025-10-01,09:15:19.000,355.72,150.0,355.25,356.2,225.0
2025-10-01,09:15:20.000,355.72,150.0,355.25,356.2,225.0
2025-10-01,09:15:21.000,356.5,225.0,355.5,357.5,150.0
2025-10-01,09:15:22.000,356.25,150.0,355.5,357.0,225.0
2025-10-01,09:15:23.000,357.5,150.0,356.8,358.2,225.0
2025-10-01,09:15:24.000,357.5,150.0,356.8,358.2,225.0
2025-10-01,09:15:25.000,357.9,225.0,357.5,358.3,150.0
2025-10-01,09:15:26.000,357.05,525.0,356.25,357.85,900.0
2025-10-01,09:15:27.000,357.05,525.0,356.25,357.85,900.0
2025-10-01,09:15:28.000,358.4,150.0,358.0,358.8,150.0
2025-10-01,09:15:29.000,358.35,150.0,358.0,358.7,900.0
2025-10-01,09:15:30.000,359.0,150.0,358.5,359.5,150.0
2025-10-01,09:15:31.000,359.0,150.0,358.5,359.5,150.0
2025-10-01,09:15:32.000,356.98,150.0,356.5,357.45,225.0
2025-10-01,09:15:33.000,357.08,225.0,356.5,357.65,225.0
2025-10-01,09:15:34.000,355.75,150.0,355.25,356.25,900.0
2025-10-01,09:15:35.000,355.75,150.0,355.25,356.25,900.0
2025-10-01,09:15:36.000,353.98,150.0,353.2,354.75,150.0
2025-10-01,09:15:37.000,356.02,525.0,355.4,356.65,900.0
2025-10-01,09:15:38.000,356.18,225.0,355.75,356.6,900.0
2025-10-01,09:15:39.000,356.18,225.0,355.75,356.6,900.0
2025-10-01,09:15:40.000,354.82,225.0,354.5,355.15,150.0
2025-10-01,09:15:41.000,354.88,150.0,354.5,355.25,900.0
2025-10-01,09:15:42.000,354.88,150.0,354.5,355.25,900.0
2025-10-01,09:15:43.000,356.28,75.0,355.8,356.75,75.0
2025-10-01,09:15:44.000,356.1,225.0,355.25,356.95,225.0
2025-10-01,09:15:45.000,355.42,450.0,354.85,356.0,675.0
2025-10-01,09:15:46.000,355.42,450.0,354.85,356.0,675.0
2025-10-01,09:15:47.000,356.4,150.0,356.0,356.8,225.0
2025-10-01,09:15:48.000,356.48,225.0,356.0,356.95,150.0
2025-10-01,09:15:49.000,356.48,225.0,356.0,356.95,150.0
2025-10-01,09:15:50.000,356.98,375.0,356.3,357.65,900.0
2025-10-01,09:15:51.000,357.4,750.0,356.8,358.0,225.0
2025-10-01,09:15:52.000,357.3,75.0,356.8,357.8,900.0
2025-10-01,09:15:53.000,357.3,75.0,356.8,357.8,900.0
2025-10-01,09:15:54.000,357.88,150.0,357.5,358.25,225.0
2025-10-01,09:15:55.000,357.62,450.0,357.05,358.2,150.0
2025-10-01,09:15:56.000,358.78,150.0,358.5,359.05,900.0
2025-10-01,09:15:57.000,358.78,150.0,358.5,359.05,900.0
2025-10-01,09:15:58.000,358.65,150.0,358.25,359.05,900.0
2025-10-01,09:15:59.000,359.35,225.0,359.0,359.7,900.0
2025-10-01,09:16:00.000,357.98,150.0,357.25,358.7,450.0
2025-10-01,09:16:01.000,357.98,150.0,357.25,358.7,450.0
2025-10-01,09:16:02.000,358.72,225.0,357.9,359.55,150.0
2025-10-01,09:16:03.000,359.75,150.0,359.05,360.45,225.0
2025-10-01,09:16:04.000,357.95,150.0,357.5,358.4,225.0
2025-10-01,09:16:05.000,357.95,150.0,357.5,358.4,225.0
2025-10-01,09:16:06.000,357.75,300.0,357.0,358.5,375.0
2025-10-01,09:16:07.000,355.85,375.0,355.15,356.55,150.0
2025-10-01,09:16:08.000,355.85,375.0,355.15,356.55,150.0
2025-10-01,09:16:09.000,355.38,750.0,354.8,355.95,150.0
2025-10-01,09:16:10.000,355.28,150.0,354.75,355.8,150.0
2025-10-01,09:16:11.000,356.22,150.0,355.55,356.9,150.0
2025-10-01,09:16:12.000,356.22,150.0,355.55,356.9,150.0
2025-10-01,09:16:13.000,357.25,225.0,356.55,357.95,225.0
2025-10-01,09:16:14.000,356.3,150.0,355.75,356.85,150.0
2025-10-01,09:16:15.000,356.3,150.0,355.75,356.85,150.0
2025-10-01,09:16:16.000,356.1,150.0,355.5,356.7,150.0
2025-10-01,09:16:17.000,357.78,150.0,357.05,358.5,150.0
2025-10-01,09:16:18.000,359.18,225.0,358.55,359.8,225.0
2025-10-01,09:16:19.000,359.18,225.0,358.55,359.8,225.0
2025-10-01,09:16:20.000,359.75,600.0,358.75,360.75,225.0
2025-10-01,09:16:21.000,358.62,450.0,358.05,359.2,900.0
2025-10-01,09:16:22.000,357.58,600.0,357.05,358.1,900.0
2025-10-01,09:16:23.000,357.58,600.0,357.05,358.1,900.0
2025-10-01,09:16:24.000,358.52,75.0,357.7,359.35,75.0
2025-10-01,09:16:25.000,358.15,525.0,357.6,358.7,1800.0
2025-10-01,09:16:26.000,358.15,525.0,357.6,358.7,1800.0
2025-10-01,09:16:27.000,358.0,225.0,357.5,358.5,450.0
2025-10-01,09:16:28.000,356.82,300.0,356.25,357.4,225.0
2025-10-01,09:16:29.000,357.4,750.0,356.9,357.9,1800.0
2025-10-01,09:16:30.000,357.4,750.0,356.9,357.9,1800.0
2025-10-01,09:16:31.000,357.5,75.0,357.1,357.9,75.0
2025-10-01,09:16:32.000,356.2,225.0,355.75,356.65,150.0
2025-10-01,09:16:33.000,356.55,150.0,356.15,356.95,75.0
2025-10-01,09:16:34.000,356.55,150.0,356.15,356.95,75.0
2025-10-01,09:16:35.000,357.75,750.0,357.35,358.15,225.0
2025-10-01,09:16:36.000,358.0,975.0,357.65,358.35,75.0
2025-10-01,09:16:37.000,359.2,150.0,358.6,359.8,150.0
2025-10-01,09:16:38.000,359.2,150.0,358.6,359.8,150.0
2025-10-01,09:16:39.000,360.48,600.0,360.0,360.95,750.0
2025-10-01,09:16:40.000,361.08,150.0,360.65,361.5,225.0
2025-10-01,09:16:41.000,361.08,150.0,360.65,361.5,225.0
2025-10-01,09:16:42.000,362.28,300.0,361.85,362.7,75.0
2025-10-01,09:16:43.000,361.88,525.0,361.35,362.4,1050.0
2025-10-01,09:16:44.000,361.05,75.0,360.65,361.45,1350.0
2025-10-01,09:16:45.000,361.05,75.0,360.65,361.45,1350.0
2025-10-01,09:16:46.000,360.25,225.0,359.75,360.75,150.0
2025-10-01,09:16:47.000,362.02,225.0,361.55,362.5,300.0
2025-10-01,09:16:48.000,362.02,225.0,361.55,362.5,300.0
2025-10-01,09:16:49.000,361.3,75.0,360.85,361.75,225.0
2025-10-01,09:16:50.000,360.5,450.0,360.1,360.9,75.0
2025-10-01,09:16:51.000,359.12,975.0,358.65,359.6,375.0
2025-10-01,09:16:52.000,359.12,975.0,358.65,359.6,375.0
2025-10-01,09:16:53.000,360.1,150.0,359.7,360.5,1350.0
2025-10-01,09:16:54.000,359.67,225.0,359.4,359.95,225.0
2025-10-01,09:16:55.000,359.67,225.0,359.4,359.95,225.0
2025-10-01,09:16:56.000,360.52,300.0,360.1,360.95,375.0
2025-10-01,09:16:57.000,360.22,675.0,359.75,360.7,75.0
2025-10-01,09:16:58.000,360.8,525.0,360.3,361.3,675.0
2025-10-01,09:16:59.000,360.8,525.0,360.3,361.3,675.0
2025-10-01,09:17:00.000,360.38,75.0,359.85,360.9,675.0
2025-10-01,09:17:01.000,360.95,375.0,360.5,361.4,75.0
2025-10-01,09:17:02.000,361.25,75.0,360.85,361.65,675.0
2025-10-01,09:17:03.000,361.25,75.0,360.85,361.65,675.0
2025-10-01,09:17:04.000,361.68,75.0,361.3,362.05,675.0
2025-10-01,09:17:05.000,361.18,450.0,360.75,361.6,75.0
2025-10-01,09:17:06.000,361.18,450.0,360.75,361.6,75.0
2025-10-01,09:17:07.000,361.42,225.0,361.0,361.85,75.0
2025-10-01,09:17:08.000,361.52,375.0,361.05,362.0,1575.0
2025-10-01,09:17:09.000,361.88,225.0,361.4,362.35,1650.0
2025-10-01,09:17:10.000,361.88,225.0,361.4,362.35,1650.0
2025-10-01,09:17:11.000,362.05,975.0,361.55,362.55,75.0
2025-10-01,09:17:12.000,360.98,375.0,360.3,361.65,300.0
2025-10-01,09:17:13.000,360.88,150.0,360.5,361.25,1575.0
2025-10-01,09:17:14.000,360.88,150.0,360.5,361.25,1575.0
2025-10-01,09:17:15.000,359.8,225.0,359.2,360.4,600.0
2025-10-01,09:17:16.000,359.7,375.0,359.25,360.15,225.0
2025-10-01,09:17:17.000,359.7,375.0,359.25,360.15,225.0
2025-10-01,09:17:18.000,358.55,75.0,358.0,359.1,300.0
2025-10-01,09:17:19.000,358.22,75.0,357.85,358.6,75.0
2025-10-01,09:17:20.000,358.22,75.0,357.85,358.6,75.0
2025-10-01,09:17:21.000,357.35,225.0,356.85,357.85,450.0
2025-10-01,09:17:22.000,358.3,225.0,357.9,358.7,75.0
2025-10-01,09:17:23.000,356.9,150.0,356.35,357.45,375.0
2025-10-01,09:17:24.000,356.9,150.0,356.35,357.45,375.0
2025-10-01,09:17:25.000,354.85,300.0,354.3,355.4,375.0
2025-10-01,09:17:26.000,355.75,75.0,355.4,356.1,75.0
2025-10-01,09:17:27.000,355.75,75.0,355.4,356.1,75.0
2025-10-01,09:17:28.000,355.38,300.0,355.0,355.75,375.0
2025-10-01,09:17:29.000,355.35,75.0,354.8,355.9,375.0
2025-10-01,09:17:30.000,354.18,450.0,353.5,354.85,75.0
2025-10-01,09:17:31.000,354.18,450.0,353.5,354.85,75.0
2025-10-01,09:17:32.000,353.78,150.0,353.3,354.25,375.0
2025-10-01,09:17:33.000,354.45,150.0,354.0,354.9,75.0
2025-10-01,09:17:34.000,354.45,150.0,354.0,354.9,75.0
2025-10-01,09:17:35.000,354.8,450.0,354.3,355.3,75.0
2025-10-01,09:17:36.000,354.8,150.0,354.25,355.35,1950.0
2025-10-01,09:17:37.000,354.38,900.0,353.8,354.95,1275.0
2025-10-01,09:17:38.000,354.38,900.0,353.8,354.95,1275.0
2025-10-01,09:17:39.000,352.7,900.0,352.15,353.25,825.0
2025-10-01,09:17:40.000,352.8,600.0,352.25,353.35,1800.0
2025-10-01,09:17:41.000,352.8,600.0,352.25,353.35,1800.0
2025-10-01,09:17:42.000,352.6,600.0,352.1,353.1,75.0
2025-10-01,09:17:43.000,353.3,750.0,352.75,353.85,1275.0
2025-10-01,09:17:44.000,352.92,975.0,352.6,353.25,75.0
2025-10-01,09:17:45.000,352.92,975.0,352.6,353.25,75.0
2025-10-01,09:17:46.000,353.2,975.0,352.85,353.55,225.0
2025-10-01,09:17:47.000,354.08,900.0,353.75,354.4,75.0
2025-10-01,09:17:48.000,355.67,525.0,355.2,356.15,75.0
2025-10-01,09:17:49.000,355.67,525.0,355.2,356.15,75.0
2025-10-01,09:17:50.000,355.52,525.0,355.05,356.0,75.0
2025-10-01,09:17:51.000,355.28,300.0,354.75,355.8,75.0
2025-10-01,09:17:52.000,355.28,300.0,354.75,355.8,75.0
2025-10-01,09:17:53.000,354.4,75.0,353.95,354.85,75.0
2025-10-01,09:17:54.000,352.98,525.0,352.4,353.55,300.0
2025-10-01,09:17:55.000,352.72,150.0,352.25,353.2,450.0
2025-10-01,09:17:56.000,352.72,150.0,352.25,353.2,450.0
2025-10-01,09:17:57.000,352.5,750.0,351.95,353.05,300.0
2025-10-01,09:17:58.000,351.92,225.0,351.5,352.35,375.0
2025-10-01,09:17:59.000,351.92,225.0,351.5,352.35,375.0
2025-10-01,09:18:00.000,350.08,75.0,349.6,350.55,75.0
2025-10-01,09:18:01.000,349.52,375.0,349.0,350.05,300.0
2025-10-01,09:18:02.000,350.48,525.0,349.85,351.1,525.0
2025-10-01,09:18:03.000,350.48,525.0,349.85,351.1,525.0
2025-10-01,09:18:04.000,352.65,525.0,352.1,353.2,300.0
2025-10-01,09:18:05.000,352.82,600.0,352.25,353.4,450.0
2025-10-01,09:18:06.000,352.82,600.0,352.25,353.4,450.0
2025-10-01,09:18:07.000,351.38,75.0,351.05,351.7,300.0
2025-10-01,09:18:08.000,351.98,600.0,351.5,352.45,75.0
2025-10-01,09:18:09.000,352.0,525.0,351.55,352.45,75.0
2025-10-01,09:18:10.000,352.0,525.0,351.55,352.45,75.0
2025-10-01,09:18:11.000,351.88,75.0,351.35,352.4,300.0
2025-10-01,09:18:12.000,351.45,675.0,351.0,351.9,75.0
2025-10-01,09:18:13.000,351.45,675.0,351.0,351.9,75.0
2025-10-01,09:18:14.000,351.55,75.0,351.1,352.0,75.0
2025-10-01,09:18:15.000,351.28,450.0,350.75,351.8,450.0
2025-10-01,09:18:16.000,351.28,450.0,350.75,351.8,450.0
2025-10-01,09:18:17.000,350.95,525.0,350.5,351.4,75.0
2025-10-01,09:18:18.000,350.92,150.0,350.5,351.35,75.0
2025-10-01,09:18:19.000,350.72,300.0,350.25,351.2,300.0
2025-10-01,09:18:20.000,350.72,300.0,350.25,351.2,300.0
2025-10-01,09:18:21.000,352.15,75.0,351.75,352.55,375.0
2025-10-01,09:18:22.000,352.12,75.0,351.6,352.65,75.0
2025-10-01,09:18:23.000,352.12,75.0,351.6,352.65,75.0
2025-10-01,09:18:24.000,352.22,150.0,351.8,352.65,75.0
2025-10-01,09:18:25.000,352.6,1125.0,352.1,353.1,75.0
2025-10-01,09:18:26.000,351.95,75.0,351.4,352.5,450.0
2025-10-01,09:18:27.000,351.95,75.0,351.4,352.5,450.0
2025-10-01,09:18:28.000,352.7,150.0,352.3,353.1,225.0
2025-10-01,09:18:29.000,353.42,375.0,352.85,354.0,150.0
2025-10-01,09:18:30.000,353.42,375.0,352.85,354.0,150.0
2025-10-01,09:18:31.000,353.02,375.0,352.55,353.5,375.0
2025-10-01,09:18:32.000,355.08,300.0,354.4,355.75,75.0
2025-10-01,09:18:33.000,355.08,300.0,354.4,355.75,75.0
2025-10-01,09:18:34.000,355.02,300.0,354.4,355.65,75.0
2025-10-01,09:18:35.000,353.65,150.0,353.25,354.05,300.0
2025-10-01,09:18:36.000,353.58,375.0,353.15,354.0,300.0
2025-10-01,09:18:37.000,353.58,375.0,353.15,354.0,300.0
2025-10-01,09:18:38.000,353.72,150.0,353.1,354.35,150.0
2025-10-01,09:18:39.000,353.75,150.0,353.25,354.25,300.0
2025-10-01,09:18:40.000,353.75,150.0,353.25,354.25,300.0
2025-10-01,09:18:41.000,353.28,225.0,352.75,353.8,300.0
2025-10-01,09:18:42.000,352.7,150.0,352.25,353.15,75.0
2025-10-01,09:18:43.000,352.7,150.0,352.25,353.15,75.0
2025-10-01,09:18:44.000,352.0,375.0,351.5,352.5,375.0
2025-10-01,09:18:45.000,351.9,300.0,351.5,352.3,75.0
2025-10-01,09:18:46.000,351.9,300.0,351.5,352.3,75.0
2025-10-01,09:18:47.000,353.05,225.0,352.55,353.55,300.0
2025-10-01,09:18:48.000,353.05,225.0,352.55,353.55,300.0
2025-10-01,09:18:49.000,353.38,75.0,352.9,353.85,300.0
2025-10-01,09:18:50.000,353.95,375.0,353.4,354.5,225.0
2025-10-01,09:18:51.000,353.95,375.0,353.4,354.5,225.0
2025-10-01,09:18:52.000,353.68,75.0,353.25,354.1,75.0
2025-10-01,09:18:53.000,353.68,75.0,353.25,354.1,75.0
2025-10-01,09:18:54.000,354.65,75.0,354.2,355.1,75.0
2025-10-01,09:18:55.000,354.75,300.0,354.3,355.2,75.0
2025-10-01,09:18:56.000,354.75,300.0,354.3,355.2,75.0
2025-10-01,09:18:57.000,354.32,300.0,353.75,354.9,150.0
2025-10-01,09:18:58.000,354.32,300.0,353.75,354.9,150.0
2025-10-01,09:18:59.000,355.72,375.0,355.2,356.25,375.0
2025-10-01,09:19:00.000,355.42,375.0,354.9,355.95,150.0
2025-10-01,09:19:01.000,355.42,375.0,354.9,355.95,150.0
2025-10-01,09:19:02.000,356.6,150.0,356.25,356.95,75.0
2025-10-01,09:19:03.000,356.6,150.0,356.25,356.95,75.0
2025-10-01,09:19:04.000,356.05,150.0,355.75,356.35,75.0
2025-10-01,09:19:05.000,356.98,300.0,356.6,357.35,525.0
2025-10-01,09:19:06.000,356.98,300.0,356.6,357.35,525.0
2025-10-01,09:19:07.000,356.28,150.0,355.75,356.8,525.0
2025-10-01,09:19:08.000,356.28,150.0,355.75,356.8,525.0
2025-10-01,09:19:09.000,356.38,150.0,356.0,356.75,525.0
2025-10-01,09:19:10.000,355.92,300.0,355.55,356.3,75.0
2025-10-01,09:19:11.000,355.92,300.0,355.55,356.3,75.0
2025-10-01,09:19:12.000,356.85,150.0,356.7,357.0,75.0
2025-10-01,09:19:13.000,356.85,150.0,356.7,357.0,75.0
2025-10-01,09:19:14.000,356.82,225.0,356.5,357.15,75.0
2025-10-01,09:19:15.000,357.28,975.0,356.9,357.65,75.0
2025-10-01,09:19:16.000,357.28,975.0,356.9,357.65,75.0
2025-10-01,09:19:17.000,355.85,75.0,355.3,356.4,375.0
2025-10-01,09:19:18.000,355.85,75.0,355.3,356.4,375.0
2025-10-01,09:19:19.000,357.58,75.0,357.0,358.15,75.0
2025-10-01,09:19:20.000,358.78,75.0,358.35,359.2,300.0
2025-10-01,09:19:21.000,358.78,75.0,358.35,359.2,300.0
2025-10-01,09:19:22.000,359.02,75.0,358.55,359.5,225.0
2025-10-01,09:19:23.000,359.02,75.0,358.55,359.5,225.0
2025-10-01,09:19:24.000,358.8,300.0,358.4,359.2,300.0
2025-10-01,09:19:25.000,358.32,75.0,357.9,358.75,300.0
2025-10-01,09:19:26.000,358.32,75.0,357.9,358.75,300.0
2025-10-01,09:19:27.000,356.85,225.0,356.25,357.45,375.0
2025-10-01,09:19:28.000,356.85,225.0,356.25,357.45,375.0
2025-10-01,09:19:29.000,356.9,150.0,356.4,357.4,75.0
2025-10-01,09:19:30.000,355.42,300.0,354.75,356.1,150.0
2025-10-01,09:19:31.000,355.42,300.0,354.75,356.1,150.0
2025-10-01,09:19:32.000,356.3,225.0,355.8,356.8,75.0
2025-10-01,09:19:33.000,356.3,225.0,355.8,356.8,75.0
2025-10-01,09:19:34.000,356.02,225.0,355.5,356.55,300.0
2025-10-01,09:19:35.000,357.38,75.0,356.85,357.9,225.0
2025-10-01,09:19:36.000,357.38,75.0,356.85,357.9,225.0
2025-10-01,09:19:37.000,356.68,300.0,356.25,357.1,75.0
2025-10-01,09:19:38.000,356.68,300.0,356.25,357.1,75.0
2025-10-01,09:19:39.000,356.08,300.0,355.5,356.65,75.0
2025-10-01,09:19:40.000,355.98,150.0,355.45,356.5,525.0
2025-10-01,09:19:41.000,355.98,150.0,355.45,356.5,525.0
2025-10-01,09:19:42.000,355.52,225.0,355.1,355.95,75.0
2025-10-01,09:19:43.000,355.52,225.0,355.1,355.95,75.0
2025-10-01,09:19:44.000,356.12,75.0,355.65,356.6,75.0
2025-10-01,09:19:45.000,354.42,225.0,354.0,354.85,75.0
2025-10-01,09:19:46.000,354.42,225.0,354.0,354.85,75.0
2025-10-01,09:19:47.000,356.32,75.0,355.95,356.7,75.0
2025-10-01,09:19:48.000,356.32,75.0,355.95,356.7,75.0
2025-10-01,09:19:49.000,357.72,225.0,357.2,358.25,150.0
2025-10-01,09:19:50.000,357.35,150.0,356.95,357.75,150.0
2025-10-01,09:19:51.000,357.35,150.0,356.95,357.75,150.0
2025-10-01,09:19:52.000,358.32,450.0,357.75,358.9,75.0
2025-10-01,09:19:53.000,358.32,450.0,357.75,358.9,75.0
2025-10-01,09:19:54.000,359.28,300.0,358.8,359.75,300.0
2025-10-01,09:19:55.000,358.62,300.0,358.15,359.1,75.0
2025-10-01,09:19:56.000,358.62,300.0,358.15,359.1,75.0
2025-10-01,09:19:57.000,359.98,225.0,359.45,360.5,150.0
2025-10-01,09:19:58.000,359.98,225.0,359.45,360.5,150.0
2025-10-01,09:19:59.000,360.68,225.0,360.25,361.1,75.0
2025-10-01,09:20:00.000,361.18,150.0,360.75,361.6,75.0
2025-10-01,09:20:01.000,361.18,150.0,360.75,361.6,75.0
2025-10-01,09:20:02.000,361.35,300.0,360.8,361.9,75.0
2025-10-01,09:20:03.000,361.35,300.0,360.8,361.9,75.0
2025-10-01,09:20:04.000,362.2,150.0,361.7,362.7,75.0
2025-10-01,09:20:05.000,362.4,150.0,361.85,362.95,300.0
2025-10-01,09:20:06.000,362.4,150.0,361.85,362.95,300.0
2025-10-01,09:20:07.000,362.7,225.0,362.3,363.1,75.0
2025-10-01,09:20:08.000,362.7,225.0,362.3,363.1,75.0
2025-10-01,09:20:09.000,362.4,300.0,362.0,362.8,75.0
2025-10-01,09:20:10.000,362.42,75.0,361.85,363.0,225.0
2025-10-01,09:20:11.000,362.42,75.0,361.85,363.0,225.0
2025-10-01,09:20:12.000,363.18,150.0,362.85,363.5,75.0
2025-10-01,09:20:13.000,363.18,150.0,362.85,363.5,75.0
2025-10-01,09:20:14.000,363.45,150.0,363.0,363.9,150.0
2025-10-01,09:20:15.000,364.35,150.0,363.9,364.8,375.0
2025-10-01,09:20:16.000,364.35,150.0,363.9,364.8,375.0
2025-10-01,09:20:17.000,364.25,150.0,363.8,364.7,75.0
2025-10-01,09:20:18.000,364.25,150.0,363.8,364.7,75.0
2025-10-01,09:20:19.000,364.25,150.0,363.8,364.7,75.0
2025-10-01,09:20:20.000,366.75,450.0,366.5,367.0,75.0
2025-10-01,09:20:21.000,366.75,450.0,366.5,367.0,75.0
2025-10-01,09:20:22.000,366.32,150.0,366.0,366.65,75.0
2025-10-01,09:20:23.000,366.32,150.0,366.0,366.65,75.0
2025-10-01,09:20:24.000,366.38,150.0,366.0,366.75,75.0
2025-10-01,09:20:25.000,367.48,375.0,367.0,367.95,300.0
2025-10-01,09:20:26.000,367.48,375.0,367.0,367.95,300.0
2025-10-01,09:20:27.000,366.72,150.0,366.25,367.2,75.0
2025-10-01,09:20:28.000,366.72,150.0,366.25,367.2,75.0
2025-10-01,09:20:29.000,365.65,150.0,365.25,366.05,150.0
2025-10-01,09:20:30.000,365.5,150.0,365.2,365.8,150.0
2025-10-01,09:20:31.000,365.5,150.0,365.2,365.8,150.0
2025-10-01,09:20:32.000,364.88,150.0,364.5,365.25,75.0
2025-10-01,09:20:33.000,363.48,150.0,363.2,363.75,75.0
2025-10-01,09:20:34.000,363.48,150.0,363.2,363.75,75.0
2025-10-01,09:20:35.000,363.58,225.0,363.0,364.15,525.0
2025-10-01,09:20:36.000,363.58,225.0,363.0,364.15,525.0
2025-10-01,09:20:37.000,364.85,450.0,364.3,365.4,75.0
2025-10-01,09:20:38.000,365.3,150.0,364.75,365.85,525.0
2025-10-01,09:20:39.000,365.3,150.0,364.75,365.85,525.0
2025-10-01,09:20:40.000,365.35,525.0,364.8,365.9,300.0
2025-10-01,09:20:41.000,365.35,525.0,364.8,365.9,300.0
2025-10-01,09:20:42.000,363.8,75.0,363.3,364.3,375.0
2025-10-01,09:20:43.000,362.7,150.0,362.2,363.2,525.0
2025-10-01,09:20:44.000,362.7,150.0,362.2,363.2,525.0
2025-10-01,09:20:45.000,364.08,75.0,363.6,364.55,75.0
2025-10-01,09:20:46.000,364.5,150.0,364.05,364.95,75.0
2025-10-01,09:20:47.000,364.5,150.0,364.05,364.95,75.0
2025-10-01,09:20:48.000,364.42,150.0,363.95,364.9,600.0
2025-10-01,09:20:49.000,364.42,150.0,363.95,364.9,600.0
2025-10-01,09:20:50.000,363.48,225.0,363.0,363.95,150.0
2025-10-01,09:20:51.000,364.22,150.0,363.7,364.75,225.0
2025-10-01,09:20:52.000,364.22,150.0,363.7,364.75,225.0
2025-10-01,09:20:53.000,363.38,75.0,362.8,363.95,300.0
2025-10-01,09:20:54.000,363.38,75.0,362.8,363.95,300.0
2025-10-01,09:20:55.000,361.55,150.0,361.15,361.95,75.0
2025-10-01,09:20:56.000,360.0,300.0,359.5,360.5,225.0
2025-10-01,09:20:57.000,360.0,300.0,359.5,360.5,225.0
2025-10-01,09:20:58.000,360.8,75.0,360.15,361.45,525.0
2025-10-01,09:20:59.000,360.8,75.0,360.15,361.45,525.0
2025-10-01,09:21:00.000,359.1,225.0,358.8,359.4,75.0
2025-10-01,09:21:01.000,360.8,300.0,360.25,361.35,300.0
2025-10-01,09:21:02.000,360.8,300.0,360.25,361.35,300.0
2025-10-01,09:21:03.000,361.02,225.0,360.55,361.5,75.0
2025-10-01,09:21:04.000,361.02,225.0,360.55,361.5,75.0
2025-10-01,09:21:05.000,362.42,75.0,361.8,363.05,375.0
2025-10-01,09:21:06.000,361.75,375.0,361.25,362.25,450.0
2025-10-01,09:21:07.000,361.75,375.0,361.25,362.25,450.0
2025-10-01,09:21:08.000,361.45,75.0,360.9,362.0,525.0
2025-10-01,09:21:09.000,361.45,75.0,360.9,362.0,525.0
2025-10-01,09:21:10.000,361.28,375.0,360.8,361.75,300.0
2025-10-01,09:21:11.000,360.48,225.0,360.0,360.95,225.0
2025-10-01,09:21:12.000,360.48,225.0,360.0,360.95,225.0
2025-10-01,09:21:13.000,360.98,225.0,360.65,361.3,75.0
2025-10-01,09:21:14.000,360.98,225.0,360.65,361.3,75.0
2025-10-01,09:21:15.000,359.9,150.0,359.5,360.3,300.0
2025-10-01,09:21:16.000,358.3,225.0,357.75,358.85,225.0
2025-10-01,09:21:17.000,358.3,225.0,357.75,358.85,225.0
2025-10-01,09:21:18.000,358.35,225.0,357.9,358.8,75.0
2025-10-01,09:21:19.000,358.35,225.0,357.9,358.8,75.0
2025-10-01,09:21:20.000,358.7,150.0,358.25,359.15,450.0
2025-10-01,09:21:21.000,358.62,75.0,358.1,359.15,225.0
2025-10-01,09:21:22.000,358.62,75.0,358.1,359.15,225.0
2025-10-01,09:21:23.000,360.4,450.0,360.05,360.75,150.0
2025-10-01,09:21:24.000,360.4,450.0,360.05,360.75,150.0
2025-10-01,09:21:25.000,361.02,150.0,360.8,361.25,150.0
2025-10-01,09:21:26.000,362.15,225.0,361.8,362.5,150.0
2025-10-01,09:21:27.000,362.15,225.0,361.8,362.5,150.0
2025-10-01,09:21:28.000,362.62,225.0,362.3,362.95,150.0
2025-10-01,09:21:29.000,362.62,225.0,362.3,362.95,150.0
2025-10-01,09:21:30.000,363.25,150.0,362.95,363.55,225.0
2025-10-01,09:21:31.000,362.72,150.0,362.5,362.95,150.0
2025-10-01,09:21:32.000,362.72,150.0,362.5,362.95,150.0
2025-10-01,09:21:33.000,362.1,150.0,361.8,362.4,150.0
2025-10-01,09:21:34.000,362.1,150.0,361.8,362.4,150.0
2025-10-01,09:21:35.000,361.4,150.0,361.0,361.8,150.0
2025-10-01,09:21:36.000,361.4,150.0,361.0,361.8,150.0
2025-10-01,09:21:37.000,361.4,150.0,361.0,361.8,150.0
2025-10-01,09:21:38.000,360.88,150.0,360.5,361.25,300.0
2025-10-01,09:21:39.000,360.88,150.0,360.5,361.25,300.0
2025-10-01,09:21:40.000,360.35,225.0,360.0,360.7,150.0
2025-10-01,09:21:41.000,360.82,225.0,360.5,361.15,150.0
2025-10-01,09:21:42.000,360.82,225.0,360.5,361.15,150.0
2025-10-01,09:21:43.000,359.85,75.0,359.4,360.3,150.0
2025-10-01,09:21:44.000,360.25,225.0,359.8,360.7,225.0
2025-10-01,09:21:45.000,360.25,225.0,359.8,360.7,225.0
2025-10-01,09:21:46.000,361.05,150.0,360.6,361.5,225.0
2025-10-01,09:21:47.000,361.05,150.0,360.6,361.5,225.0
2025-10-01,09:21:48.000,360.2,450.0,359.7,360.7,225.0
2025-10-01,09:21:49.000,360.2,450.0,359.7,360.7,225.0
2025-10-01,09:21:50.000,360.2,150.0,359.75,360.65,150.0
2025-10-01,09:21:51.000,360.0,375.0,359.5,360.5,300.0
2025-10-01,09:21:52.000,360.0,375.0,359.5,360.5,300.0
2025-10-01,09:21:53.000,360.18,150.0,359.85,360.5,75.0
2025-10-01,09:21:54.000,360.18,150.0,359.85,360.5,75.0
2025-10-01,09:21:55.000,360.48,150.0,360.0,360.95,450.0
2025-10-01,09:21:56.000,359.42,150.0,359.0,359.85,300.0
2025-10-01,09:21:57.000,359.42,150.0,359.0,359.85,300.0
2025-10-01,09:21:58.000,358.67,75.0,358.15,359.2,75.0
2025-10-01,09:21:59.000,358.67,75.0,358.15,359.2,75.0
2025-10-01,09:22:00.000,358.6,150.0,358.25,358.95,75.0
2025-10-01,09:22:01.000,357.1,150.0,356.5,357.7,300.0
2025-10-01,09:22:02.000,357.1,150.0,356.5,357.7,300.0
2025-10-01,09:22:03.000,358.55,150.0,358.2,358.9,75.0
2025-10-01,09:22:04.000,358.55,150.0,358.2,358.9,75.0
2025-10-01,09:22:05.000,356.83,150.0,356.35,357.3,450.0
2025-10-01,09:22:06.000,356.78,150.0,356.35,357.2,300.0
2025-10-01,09:22:07.000,356.78,150.0,356.35,357.2,300.0
2025-10-01,09:22:08.000,356.9,150.0,356.45,357.35,375.0
2025-10-01,09:22:09.000,356.9,150.0,356.45,357.35,375.0
2025-10-01,09:22:10.000,357.1,300.0,357.0,357.2,75.0
2025-10-01,09:22:11.000,357.85,675.0,357.3,358.4,75.0
2025-10-01,09:22:12.000,357.85,675.0,357.3,358.4,75.0
2025-10-01,09:22:13.000,357.42,450.0,356.95,357.9,150.0
2025-10-01,09:22:14.000,357.42,450.0,356.95,357.9,150.0
2025-10-01,09:22:15.000,356.8,75.0,356.3,357.3,450.0
2025-10-01,09:22:16.000,355.92,75.0,355.45,356.4,75.0
2025-10-01,09:22:17.000,355.92,75.0,355.45,356.4,75.0
2025-10-01,09:22:18.000,356.2,75.0,355.7,356.7,750.0
2025-10-01,09:22:19.000,356.2,75.0,355.7,356.7,750.0
2025-10-01,09:22:20.000,356.55,150.0,356.0,357.1,525.0
2025-10-01,09:22:21.000,355.85,225.0,355.35,356.35,75.0
2025-10-01,09:22:22.000,355.85,225.0,355.35,356.35,75.0
2025-10-01,09:22:23.000,355.95,300.0,355.4,356.5,1200.0
2025-10-01,09:22:24.000,355.95,300.0,355.4,356.5,1200.0
2025-10-01,09:22:25.000,355.42,300.0,354.9,355.95,75.0
2025-10-01,09:22:26.000,355.8,225.0,355.35,356.25,300.0
2025-10-01,09:22:27.000,355.8,225.0,355.35,356.25,300.0
2025-10-01,09:22:28.000,355.58,150.0,355.2,355.95,75.0
2025-10-01,09:22:29.000,356.42,150.0,356.0,356.85,525.0
2025-10-01,09:22:30.000,356.42,150.0,356.0,356.85,525.0
2025-10-01,09:22:31.000,356.42,75.0,355.9,356.95,900.0
2025-10-01,09:22:32.000,356.42,75.0,355.9,356.95,900.0
2025-10-01,09:22:33.000,356.62,75.0,356.2,357.05,75.0
2025-10-01,09:22:34.000,357.1,525.0,356.5,357.7,375.0
2025-10-01,09:22:35.000,357.1,525.0,356.5,357.7,375.0
2025-10-01,09:22:36.000,357.08,225.0,356.55,357.6,75.0
2025-10-01,09:22:37.000,357.08,225.0,356.55,357.6,75.0
2025-10-01,09:22:38.000,357.08,225.0,356.7,357.45,150.0
2025-10-01,09:22:39.000,356.72,150.0,356.35,357.1,150.0
2025-10-01,09:22:40.000,356.72,150.0,356.35,357.1,150.0
2025-10-01,09:22:41.000,356.55,225.0,356.25,356.85,150.0
2025-10-01,09:22:42.000,356.55,225.0,356.25,356.85,150.0
2025-10-01,09:22:43.000,356.4,225.0,356.05,356.75,150.0
2025-10-01,09:22:44.000,356.32,75.0,355.95,356.7,150.0
2025-10-01,09:22:45.000,356.32,75.0,355.95,356.7,150.0
2025-10-01,09:22:46.000,356.62,225.0,356.3,356.95,150.0
2025-10-01,09:22:47.000,356.62,225.0,356.3,356.95,150.0
2025-10-01,09:22:48.000,355.8,150.0,355.4,356.2,150.0
2025-10-01,09:22:49.000,356.1,150.0,355.75,356.45,150.0
2025-10-01,09:22:50.000,356.1,150.0,355.75,356.45,150.0
2025-10-01,09:22:51.000,356.17,75.0,355.9,356.45,150.0
2025-10-01,09:22:52.000,356.17,75.0,355.9,356.45,150.0
2025-10-01,09:22:53.000,356.95,75.0,356.6,357.3,300.0
2025-10-01,09:22:54.000,357.08,75.0,356.7,357.45,75.0
2025-10-01,09:22:55.000,357.08,75.0,356.7,357.45,75.0
2025-10-01,09:22:56.000,357.15,225.0,356.7,357.6,75.0
2025-10-01,09:22:57.000,357.15,225.0,356.7,357.6,75.0
2025-10-01,09:22:58.000,358.25,75.0,357.85,358.65,150.0
2025-10-01,09:22:59.000,357.82,75.0,357.5,358.15,225.0
2025-10-01,09:23:00.000,357.82,75.0,357.5,358.15,225.0
2025-10-01,09:23:01.000,357.92,75.0,357.55,358.3,150.0
2025-10-01,09:23:02.000,357.92,75.0,357.55,358.3,150.0
2025-10-01,09:23:03.000,358.28,525.0,357.8,358.75,450.0
2025-10-01,09:23:04.000,358.4,150.0,358.0,358.8,225.0
2025-10-01,09:23:05.000,358.4,150.0,358.0,358.8,225.0
2025-10-01,09:23:06.000,358.15,225.0,357.8,358.5,225.0
2025-10-01,09:23:07.000,358.15,225.0,357.8,358.5,225.0
2025-10-01,09:23:08.000,357.2,150.0,356.75,357.65,150.0
2025-10-01,09:23:09.000,357.85,300.0,357.4,358.3,300.0
2025-10-01,09:23:10.000,357.85,300.0,357.4,358.3,300.0
2025-10-01,09:23:11.000,357.92,150.0,357.5,358.35,300.0
2025-10-01,09:23:12.000,357.92,150.0,357.5,358.35,300.0
2025-10-01,09:23:13.000,357.2,150.0,356.7,357.7,150.0
2025-10-01,09:23:14.000,357.0,150.0,356.65,357.35,150.0
2025-10-01,09:23:15.000,357.0,150.0,356.65,357.35,150.0
2025-10-01,09:23:16.000,356.08,150.0,355.65,356.5,75.0
2025-10-01,09:23:17.000,356.08,150.0,355.65,356.5,75.0
2025-10-01,09:23:18.000,354.92,225.0,354.45,355.4,375.0
2025-10-01,09:23:19.000,355.0,150.0,354.55,355.45,525.0
2025-10-01,09:23:20.000,355.0,150.0,354.55,355.45,525.0
2025-10-01,09:23:21.000,355.35,150.0,354.95,355.75,375.0
2025-10-01,09:23:22.000,355.35,150.0,354.95,355.75,375.0
2025-10-01,09:23:23.000,356.22,75.0,355.8,356.65,975.0
2025-10-01,09:23:24.000,356.5,825.0,356.4,356.6,150.0
2025-10-01,09:23:25.000,356.5,825.0,356.4,356.6,150.0
2025-10-01,09:23:26.000,357.17,225.0,356.95,357.4,75.0
2025-10-01,09:23:27.000,357.17,225.0,356.95,357.4,75.0
2025-10-01,09:23:28.000,357.8,150.0,357.45,358.15,150.0
2025-10-01,09:23:29.000,357.9,150.0,357.5,358.3,300.0
2025-10-01,09:23:30.000,357.9,150.0,357.5,358.3,300.0
2025-10-01,09:23:31.000,356.7,825.0,356.4,357.0,225.0
2025-10-01,09:23:32.000,356.7,825.0,356.4,357.0,225.0
2025-10-01,09:23:33.000,356.55,825.0,356.4,356.7,75.0
2025-10-01,09:23:34.000,356.6,225.0,356.45,356.75,675.0
2025-10-01,09:23:35.000,356.6,225.0,356.45,356.75,675.0
2025-10-01,09:23:36.000,355.75,75.0,355.5,356.0,150.0
2025-10-01,09:23:37.000,355.75,75.0,355.5,356.0,150.0
2025-10-01,09:23:38.000,357.55,150.0,357.15,357.95,150.0
2025-10-01,09:23:39.000,357.62,75.0,357.25,358.0,225.0
2025-10-01,09:23:40.000,357.62,75.0,357.25,358.0,225.0
2025-10-01,09:23:41.000,356.58,750.0,356.0,357.15,450.0
2025-10-01,09:23:42.000,356.58,750.0,356.0,357.15,450.0
2025-10-01,09:23:43.000,356.62,600.0,356.15,357.1,225.0
2025-10-01,09:23:44.000,356.4,900.0,356.0,356.8,225.0
2025-10-01,09:23:45.000,356.4,900.0,356.0,356.8,225.0
2025-10-01,09:23:46.000,356.58,525.0,356.05,357.1,675.0
2025-10-01,09:23:47.000,356.58,525.0,356.05,357.1,675.0
2025-10-01,09:23:48.000,356.72,300.0,356.3,357.15,150.0
2025-10-01,09:23:49.000,356.25,750.0,356.0,356.5,150.0
2025-10-01,09:23:50.000,356.25,750.0,356.0,356.5,150.0
2025-10-01,09:23:51.000,356.22,750.0,356.0,356.45,600.0
2025-10-01,09:23:52.000,356.22,750.0,356.0,356.45,600.0
2025-10-01,09:23:53.000,355.0,150.0,354.6,355.4,450.0
2025-10-01,09:23:54.000,354.28,75.0,354.0,354.55,225.0
2025-10-01,09:23:55.000,354.28,75.0,354.0,354.55,225.0
2025-10-01,09:23:56.000,353.65,75.0,353.1,354.2,375.0
2025-10-01,09:23:57.000,353.65,75.0,353.1,354.2,375.0
2025-10-01,09:23:58.000,354.32,150.0,353.95,354.7,150.0
2025-10-01,09:23:59.000,353.82,150.0,353.5,354.15,150.0
2025-10-01,09:24:00.000,353.82,150.0,353.5,354.15,150.0
2025-10-01,09:24:01.000,353.88,300.0,353.35,354.4,225.0
2025-10-01,09:24:02.000,353.88,300.0,353.35,354.4,225.0
2025-10-01,09:24:03.000,353.3,75.0,353.0,353.6,525.0
2025-10-01,09:24:04.000,353.52,525.0,353.05,354.0,75.0
2025-10-01,09:24:05.000,353.52,525.0,353.05,354.0,75.0
2025-10-01,09:24:06.000,353.35,75.0,353.0,353.7,225.0
2025-10-01,09:24:07.000,353.35,75.0,353.0,353.7,225.0
2025-10-01,09:24:08.000,353.28,75.0,352.8,353.75,150.0
2025-10-01,09:24:09.000,353.22,225.0,352.7,353.75,525.0
2025-10-01,09:24:10.000,353.22,225.0,352.7,353.75,525.0
2025-10-01,09:24:11.000,352.92,150.0,352.5,353.35,450.0
2025-10-01,09:24:12.000,352.92,150.0,352.5,353.35,450.0
2025-10-01,09:24:13.000,353.4,150.0,353.05,353.75,75.0
2025-10-01,09:24:14.000,353.2,675.0,352.75,353.65,225.0
2025-10-01,09:24:15.000,353.2,675.0,352.75,353.65,225.0
2025-10-01,09:24:16.000,353.65,300.0,353.25,354.05,150.0
2025-10-01,09:24:17.000,353.65,300.0,353.25,354.05,150.0
2025-10-01,09:24:18.000,352.95,150.0,352.5,353.4,150.0
2025-10-01,09:24:19.000,351.78,225.0,351.25,352.3,525.0
2025-10-01,09:24:20.000,351.78,225.0,351.25,352.3,525.0
2025-10-01,09:24:21.000,352.22,375.0,351.75,352.7,375.0
2025-10-01,09:24:22.000,352.22,375.0,351.75,352.7,375.0
2025-10-01,09:24:23.000,352.32,825.0,351.95,352.7,150.0
2025-10-01,09:24:24.000,352.02,450.0,351.5,352.55,300.0
2025-10-01,09:24:25.000,352.02,450.0,351.5,352.55,300.0
2025-10-01,09:24:26.000,352.0,225.0,351.5,352.5,375.0
2025-10-01,09:24:27.000,352.0,225.0,351.5,352.5,375.0
2025-10-01,09:24:28.000,352.05,150.0,351.6,352.5,525.0
2025-10-01,09:24:29.000,352.15,300.0,351.75,352.55,150.0
2025-10-01,09:24:30.000,352.15,300.0,351.75,352.55,150.0
2025-10-01,09:24:31.000,352.98,300.0,352.6,353.35,150.0
2025-10-01,09:24:32.000,352.98,300.0,352.6,353.35,150.0
2025-10-01,09:24:33.000,353.15,450.0,352.75,353.55,150.0
2025-10-01,09:24:34.000,353.52,75.0,353.05,354.0,225.0
2025-10-01,09:24:35.000,353.52,75.0,353.05,354.0,225.0
2025-10-01,09:24:36.000,354.35,150.0,354.0,354.7,150.0
2025-10-01,09:24:37.000,354.35,150.0,354.0,354.7,150.0
2025-10-01,09:24:38.000,354.8,675.0,354.3,355.3,225.0
2025-10-01,09:24:39.000,354.85,825.0,354.3,355.4,450.0
2025-10-01,09:24:40.000,354.85,825.0,354.3,355.4,450.0
2025-10-01,09:24:41.000,355.45,150.0,355.0,355.9,375.0
2025-10-01,09:24:42.000,355.45,150.0,355.0,355.9,375.0
2025-10-01,09:24:43.000,354.52,750.0,354.05,355.0,75.0
2025-10-01,09:24:44.000,353.5,375.0,353.0,354.0,75.0
2025-10-01,09:24:45.000,353.5,375.0,353.0,354.0,75.0
2025-10-01,09:24:46.000,353.5,375.0,352.95,354.05,525.0
2025-10-01,09:24:47.000,353.5,375.0,352.95,354.05,525.0
2025-10-01,09:24:48.000,353.68,225.0,353.25,354.1,300.0
2025-10-01,09:24:49.000,352.8,225.0,352.25,353.35,600.0
2025-10-01,09:24:50.000,352.8,225.0,352.25,353.35,600.0
2025-10-01,09:24:51.000,352.38,225.0,352.0,352.75,75.0
2025-10-01,09:24:52.000,352.38,225.0,352.0,352.75,75.0
2025-10-01,09:24:53.000,351.58,150.0,351.25,351.9,75.0
2025-10-01,09:24:54.000,350.52,825.0,350.0,351.05,525.0
2025-10-01,09:24:55.000,350.52,825.0,350.0,351.05,525.0
2025-10-01,09:24:56.000,350.6,525.0,350.15,351.05,75.0
2025-10-01,09:24:57.000,350.6,525.0,350.15,351.05,75.0
2025-10-01,09:24:58.000,351.6,75.0,351.1,352.1,375.0
2025-10-01,09:24:59.000,350.45,225.0,350.0,350.9,375.0
2025-10-01,09:25:00.000,350.45,225.0,350.0,350.9,375.0
2025-10-01,09:25:01.000,350.12,150.0,349.7,350.55,600.0
2025-10-01,09:25:02.000,350.12,150.0,349.7,350.55,600.0
2025-10-01,09:25:03.000,350.25,600.0,349.75,350.75,375.0
2025-10-01,09:25:04.000,349.5,375.0,349.05,349.95,300.0
2025-10-01,09:25:05.000,349.5,375.0,349.05,349.95,300.0
2025-10-01,09:25:06.000,350.5,450.0,350.0,351.0,150.0
2025-10-01,09:25:07.000,350.5,450.0,350.0,351.0,150.0
2025-10-01,09:25:08.000,351.7,150.0,351.25,352.15,300.0
2025-10-01,09:25:09.000,351.1,600.0,350.6,351.6,75.0
2025-10-01,09:25:10.000,351.1,600.0,350.6,351.6,75.0
2025-10-01,09:25:11.000,350.18,150.0,349.75,350.6,300.0
2025-10-01,09:25:12.000,350.18,150.0,349.75,350.6,300.0
2025-10-01,09:25:13.000,349.98,600.0,349.5,350.45,375.0
2025-10-01,09:25:14.000,349.58,1050.0,349.05,350.1,525.0
2025-10-01,09:25:15.000,349.58,1050.0,349.05,350.1,525.0
2025-10-01,09:25:16.000,349.1,300.0,348.5,349.7,675.0
2025-10-01,09:25:17.000,349.1,300.0,348.5,349.7,675.0
2025-10-01,09:25:18.000,349.17,300.0,348.7,349.65,675.0
2025-10-01,09:25:19.000,348.92,525.0,348.5,349.35,75.0
2025-10-01,09:25:20.000,348.92,525.0,348.5,349.35,75.0
2025-10-01,09:25:21.000,349.08,600.0,348.6,349.55,75.0
2025-10-01,09:25:22.000,349.88,525.0,349.4,350.35,525.0
2025-10-01,09:25:23.000,349.88,525.0,349.4,350.35,525.0
2025-10-01,09:25:24.000,348.83,600.0,348.35,349.3,75.0
2025-10-01,09:25:25.000,348.83,600.0,348.35,349.3,75.0
2025-10-01,09:25:26.000,349.68,150.0,349.25,350.1,675.0
2025-10-01,09:25:27.000,349.9,225.0,349.4,350.4,375.0
2025-10-01,09:25:28.000,349.9,225.0,349.4,350.4,375.0
2025-10-01,09:25:29.000,350.35,225.0,349.9,350.8,150.0
2025-10-01,09:25:30.000,350.35,225.0,349.9,350.8,150.0
2025-10-01,09:25:31.000,350.88,450.0,350.4,351.35,75.0
2025-10-01,09:25:32.000,350.4,75.0,350.0,350.8,75.0
2025-10-01,09:25:33.000,350.4,75.0,350.0,350.8,75.0
2025-10-01,09:25:34.000,349.4,375.0,348.85,349.95,600.0
2025-10-01,09:25:35.000,349.4,375.0,348.85,349.95,600.0
2025-10-01,09:25:36.000,349.88,150.0,349.5,350.25,225.0
2025-10-01,09:25:37.000,349.98,150.0,349.55,350.4,150.0
2025-10-01,09:25:38.000,349.98,150.0,349.55,350.4,150.0
2025-10-01,09:25:39.000,348.45,225.0,347.9,349.0,225.0
2025-10-01,09:25:40.000,348.45,225.0,347.9,349.0,225.0
2025-10-01,09:25:41.000,347.45,375.0,346.9,348.0,75.0
2025-10-01,09:25:42.000,347.62,75.0,347.25,348.0,225.0
2025-10-01,09:25:43.000,347.62,75.0,347.25,348.0,225.0
2025-10-01,09:25:44.000,348.22,900.0,347.75,348.7,450.0
2025-10-01,09:25:45.000,348.22,900.0,347.75,348.7,450.0
2025-10-01,09:25:46.000,349.38,375.0,348.95,349.8,75.0
2025-10-01,09:25:47.000,348.9,75.0,348.45,349.35,675.0
2025-10-01,09:25:48.000,348.9,75.0,348.45,349.35,675.0
2025-10-01,09:25:49.000,347.88,150.0,347.45,348.3,75.0
2025-10-01,09:25:50.000,347.88,150.0,347.45,348.3,75.0
2025-10-01,09:25:51.000,348.08,75.0,347.65,348.5,750.0
2025-10-01,09:25:52.000,348.62,75.0,348.1,349.15,225.0
2025-10-01,09:25:53.000,348.62,75.0,348.1,349.15,225.0
2025-10-01,09:25:54.000,348.6,75.0,348.2,349.0,75.0
2025-10-01,09:25:55.000,348.6,75.0,348.2,349.0,75.0
2025-10-01,09:25:56.000,348.7,75.0,348.25,349.15,450.0
2025-10-01,09:25:57.000,349.67,825.0,349.15,350.2,1200.0
2025-10-01,09:25:58.000,349.67,825.0,349.15,350.2,1200.0
2025-10-01,09:25:59.000,349.55,75.0,349.15,349.95,450.0
2025-10-01,09:26:00.000,349.55,75.0,349.15,349.95,450.0
2025-10-01,09:26:01.000,350.32,150.0,349.95,350.7,150.0
2025-10-01,09:26:02.000,349.95,150.0,349.55,350.35,600.0
2025-10-01,09:26:03.000,349.95,150.0,349.55,350.35,600.0
2025-10-01,09:26:04.000,349.9,150.0,349.45,350.35,675.0
2025-10-01,09:26:05.000,349.9,150.0,349.45,350.35,675.0
2025-10-01,09:26:06.000,351.28,150.0,350.85,351.7,75.0
2025-10-01,09:26:07.000,351.2,900.0,350.8,351.6,75.0
2025-10-01,09:26:08.000,351.2,900.0,350.8,351.6,75.0
2025-10-01,09:26:09.000,351.78,75.0,351.35,352.2,525.0
2025-10-01,09:26:10.000,351.78,75.0,351.35,352.2,525.0
2025-10-01,09:26:11.000,352.0,225.0,351.5,352.5,375.0
2025-10-01,09:26:12.000,351.9,750.0,351.45,352.35,375.0
2025-10-01,09:26:13.000,351.9,750.0,351.45,352.35,375.0
2025-10-01,09:26:14.000,353.75,225.0,353.35,354.15,375.0
2025-10-01,09:26:15.000,353.75,225.0,353.35,354.15,375.0
2025-10-01,09:26:16.000,353.75,75.0,353.3,354.2,375.0
2025-10-01,09:26:17.000,354.05,75.0,353.65,354.45,825.0
2025-10-01,09:26:18.000,354.05,75.0,353.65,354.45,825.0
2025-10-01,09:26:19.000,353.12,75.0,352.75,353.5,375.0
2025-10-01,09:26:20.000,353.12,75.0,352.75,353.5,375.0
2025-10-01,09:26:21.000,351.2,75.0,350.8,351.6,975.0
2025-10-01,09:26:22.000,350.62,225.0,350.2,351.05,75.0
2025-10-01,09:26:23.000,350.62,225.0,350.2,351.05,75.0
2025-10-01,09:26:24.000,351.52,150.0,351.15,351.9,75.0
2025-10-01,09:26:25.000,351.52,150.0,351.15,351.9,75.0
2025-10-01,09:26:26.000,350.28,225.0,349.9,350.65,75.0
2025-10-01,09:26:27.000,349.85,150.0,349.45,350.25,525.0
2025-10-01,09:26:28.000,349.85,150.0,349.45,350.25,525.0
2025-10-01,09:26:29.000,350.42,300.0,350.1,350.75,75.0
2025-10-01,09:26:30.000,350.42,300.0,350.1,350.75,75.0
2025-10-01,09:26:31.000,350.32,225.0,349.9,350.75,750.0
2025-10-01,09:26:32.000,350.0,150.0,349.55,350.45,600.0
2025-10-01,09:26:33.000,350.0,150.0,349.55,350.45,600.0
2025-10-01,09:26:34.000,350.6,225.0,350.2,351.0,150.0
2025-10-01,09:26:35.000,350.6,225.0,350.2,351.0,150.0
2025-10-01,09:26:36.000,350.6,150.0,350.25,350.95,75.0
2025-10-01,09:26:37.000,350.3,225.0,349.9,350.7,150.0
2025-10-01,09:26:38.000,350.3,225.0,349.9,350.7,150.0
2025-10-01,09:26:39.000,350.4,150.0,350.1,350.7,75.0
2025-10-01,09:26:40.000,350.4,150.0,350.1,350.7,75.0
2025-10-01,09:26:41.000,349.8,150.0,349.45,350.15,300.0
2025-10-01,09:26:42.000,348.6,150.0,348.15,349.05,525.0
2025-10-01,09:26:43.000,348.6,150.0,348.15,349.05,525.0
2025-10-01,09:26:44.000,348.2,225.0,348.0,348.4,525.0
2025-10-01,09:26:45.000,348.2,225.0,348.0,348.4,525.0
2025-10-01,09:26:46.000,349.1,375.0,348.7,349.5,375.0
2025-10-01,09:26:47.000,349.28,675.0,348.8,349.75,150.0
2025-10-01,09:26:48.000,349.28,675.0,348.8,349.75,150.0
2025-10-01,09:26:49.000,349.18,225.0,348.85,349.5,975.0
2025-10-01,09:26:50.000,349.18,225.0,348.85,349.5,975.0
2025-10-01,09:26:51.000,348.15,450.0,348.0,348.3,675.0
2025-10-01,09:26:52.000,348.3,75.0,347.9,348.7,525.0
2025-10-01,09:26:53.000,348.3,75.0,347.9,348.7,525.0
2025-10-01,09:26:54.000,348.18,375.0,347.75,348.6,75.0
2025-10-01,09:26:55.000,348.18,375.0,347.75,348.6,75.0
2025-10-01,09:26:56.000,347.88,300.0,347.45,348.3,375.0
2025-10-01,09:26:57.000,348.02,525.0,347.6,348.45,825.0
2025-10-01,09:26:58.000,348.02,525.0,347.6,348.45,825.0
2025-10-01,09:26:59.000,348.4,750.0,347.85,348.95,825.0
2025-10-01,09:27:00.000,348.4,750.0,347.85,348.95,825.0
2025-10-01,09:27:01.000,347.22,75.0,346.8,347.65,300.0
2025-10-01,09:27:02.000,347.85,300.0,347.55,348.15,375.0
2025-10-01,09:27:03.000,347.85,300.0,347.55,348.15,375.0
2025-10-01,09:27:04.000,348.58,75.0,348.2,348.95,600.0
2025-10-01,09:27:05.000,348.58,75.0,348.2,348.95,600.0
2025-10-01,09:27:06.000,348.62,600.0,348.15,349.1,375.0
2025-10-01,09:27:07.000,348.92,525.0,348.4,349.45,525.0
2025-10-01,09:27:08.000,348.92,525.0,348.4,349.45,525.0
2025-10-01,09:27:09.000,348.35,75.0,347.85,348.85,525.0
2025-10-01,09:27:10.000,348.35,75.0,347.85,348.85,525.0
2025-10-01,09:27:11.000,347.78,750.0,347.4,348.15,525.0
2025-10-01,09:27:12.000,347.52,225.0,347.15,347.9,75.0
2025-10-01,09:27:13.000,347.52,225.0,347.15,347.9,75.0
2025-10-01,09:27:14.000,348.2,375.0,347.75,348.65,750.0
2025-10-01,09:27:15.000,348.2,375.0,347.75,348.65,750.0
2025-10-01,09:27:16.000,348.38,75.0,348.0,348.75,825.0
2025-10-01,09:27:17.000,347.58,75.0,347.2,347.95,825.0
2025-10-01,09:27:18.000,347.58,75.0,347.2,347.95,825.0
2025-10-01,09:27:19.000,348.45,75.0,348.1,348.8,750.0
2025-10-01,09:27:20.000,348.45,75.0,348.1,348.8,750.0
2025-10-01,09:27:21.000,348.68,75.0,348.35,349.0,75.0
2025-10-01,09:27:22.000,348.72,225.0,348.35,349.1,525.0
2025-10-01,09:27:23.000,348.72,225.0,348.35,349.1,525.0
2025-10-01,09:27:24.000,349.12,75.0,348.8,349.45,525.0
2025-10-01,09:27:25.000,349.92,75.0,349.5,350.35,300.0
2025-10-01,09:27:26.000,349.92,75.0,349.5,350.35,300.0
2025-10-01,09:27:27.000,348.55,75.0,348.1,349.0,675.0
2025-10-01,09:27:28.000,348.55,75.0,348.1,349.0,675.0
2025-10-01,09:27:29.000,348.6,150.0,348.15,349.05,75.0
2025-10-01,09:27:30.000,347.02,150.0,346.6,347.45,600.0
2025-10-01,09:27:31.000,347.02,150.0,346.6,347.45,600.0
2025-10-01,09:27:32.000,346.92,75.0,346.5,347.35,900.0
2025-10-01,09:27:33.000,346.92,75.0,346.5,347.35,900.0
2025-10-01,09:27:34.000,346.02,150.0,345.6,346.45,75.0
2025-10-01,09:27:35.000,347.1,675.0,346.6,347.6,75.0
2025-10-01,09:27:36.000,347.1,675.0,346.6,347.6,75.0
2025-10-01,09:27:37.000,346.78,525.0,346.3,347.25,750.0
2025-10-01,09:27:38.000,346.78,525.0,346.3,347.25,750.0
2025-10-01,09:27:39.000,347.12,750.0,346.65,347.6,825.0
2025-10-01,09:27:40.000,346.98,600.0,346.55,347.4,75.0
2025-10-01,09:27:41.000,346.98,600.0,346.55,347.4,75.0
2025-10-01,09:27:42.000,347.95,75.0,347.55,348.35,525.0
2025-10-01,09:27:43.000,347.95,75.0,347.55,348.35,525.0
2025-10-01,09:27:44.000,347.62,675.0,347.25,348.0,375.0
2025-10-01,09:27:45.000,347.72,750.0,347.25,348.2,900.0
2025-10-01,09:27:46.000,347.72,750.0,347.25,348.2,900.0
2025-10-01,09:27:47.000,347.55,75.0,347.15,347.95,525.0
2025-10-01,09:27:48.000,347.55,75.0,347.15,347.95,525.0
2025-10-01,09:27:49.000,347.25,300.0,346.8,347.7,1050.0
2025-10-01,09:27:50.000,347.22,150.0,346.8,347.65,525.0
2025-10-01,09:27:51.000,347.22,150.0,346.8,347.65,525.0
2025-10-01,09:27:52.000,346.78,75.0,346.45,347.1,600.0
2025-10-01,09:27:53.000,346.78,75.0,346.45,347.1,600.0
2025-10-01,09:27:54.000,347.32,75.0,346.9,347.75,300.0
2025-10-01,09:27:55.000,347.38,375.0,346.95,347.8,75.0
2025-10-01,09:27:56.000,347.38,375.0,346.95,347.8,75.0
2025-10-01,09:27:57.000,347.9,225.0,347.45,348.35,300.0
2025-10-01,09:27:58.000,347.9,225.0,347.45,348.35,300.0
2025-10-01,09:27:59.000,347.88,225.0,347.4,348.35,1125.0
2025-10-01,09:28:00.000,346.52,150.0,346.1,346.95,300.0
2025-10-01,09:28:01.000,346.52,150.0,346.1,346.95,300.0
2025-10-01,09:28:02.000,346.7,450.0,346.25,347.15,825.0
2025-10-01,09:28:03.000,346.7,450.0,346.25,347.15,825.0
2025-10-01,09:28:04.000,346.1,600.0,345.65,346.55,525.0
2025-10-01,09:28:05.000,346.72,75.0,346.35,347.1,900.0
2025-10-01,09:28:06.000,346.72,75.0,346.35,347.1,900.0
2025-10-01,09:28:07.000,345.38,75.0,344.9,345.85,900.0
2025-10-01,09:28:08.000,345.38,75.0,344.9,345.85,900.0
2025-10-01,09:28:09.000,346.1,225.0,345.7,346.5,75.0
2025-10-01,09:28:10.000,345.75,225.0,345.35,346.15,75.0
2025-10-01,09:28:11.000,345.75,225.0,345.35,346.15,75.0
2025-10-01,09:28:12.000,345.38,75.0,344.95,345.8,1050.0
2025-10-01,09:28:13.000,345.38,75.0,344.95,345.8,1050.0
2025-10-01,09:28:14.000,345.4,225.0,344.95,345.85,300.0
2025-10-01,09:28:15.000,346.48,525.0,346.0,346.95,225.0
2025-10-01,09:28:16.000,346.48,525.0,346.0,346.95,225.0
2025-10-01,09:28:17.000,345.52,150.0,345.05,346.0,75.0
2025-10-01,09:28:18.000,345.52,150.0,345.05,346.0,75.0
2025-10-01,09:28:19.000,346.05,75.0,345.65,346.45,300.0
2025-10-01,09:28:20.000,346.85,75.0,346.4,347.3,600.0
2025-10-01,09:28:21.000,346.85,75.0,346.4,347.3,600.0
2025-10-01,09:28:22.000,346.85,75.0,346.55,347.15,525.0
2025-10-01,09:28:23.000,346.85,75.0,346.55,347.15,525.0
2025-10-01,09:28:24.000,345.42,75.0,345.05,345.8,375.0
2025-10-01,09:28:25.000,344.88,225.0,344.5,345.25,300.0
2025-10-01,09:28:26.000,344.88,225.0,344.5,345.25,300.0
2025-10-01,09:28:27.000,345.0,75.0,344.55,345.45,525.0
2025-10-01,09:28:28.000,345.0,75.0,344.55,345.45,525.0
2025-10-01,09:28:29.000,344.67,75.0,344.2,345.15,600.0
2025-10-01,09:28:30.000,344.02,150.0,343.6,344.45,375.0
2025-10-01,09:28:31.000,344.02,150.0,343.6,344.45,375.0
2025-10-01,09:28:32.000,344.15,225.0,343.7,344.6,450.0
2025-10-01,09:28:33.000,344.15,225.0,343.7,344.6,450.0
2025-10-01,09:28:34.000,344.08,150.0,343.65,344.5,750.0
2025-10-01,09:28:35.000,343.45,75.0,343.05,343.85,375.0
2025-10-01,09:28:36.000,343.45,75.0,343.05,343.85,375.0
2025-10-01,09:28:37.000,343.6,150.0,343.25,343.95,600.0
2025-10-01,09:28:38.000,343.6,150.0,343.25,343.95,600.0
2025-10-01,09:28:39.000,343.62,375.0,343.25,344.0,150.0
2025-10-01,09:28:40.000,343.92,300.0,343.5,344.35,375.0
2025-10-01,09:28:41.000,343.92,300.0,343.5,344.35,375.0
2025-10-01,09:28:42.000,343.95,150.0,343.65,344.25,150.0
2025-10-01,09:28:43.000,343.95,150.0,343.65,344.25,150.0
2025-10-01,09:28:44.000,343.85,75.0,343.35,344.35,675.0
2025-10-01,09:28:45.000,343.85,75.0,343.4,344.3,1050.0
2025-10-01,09:28:46.000,343.85,75.0,343.4,344.3,1050.0
2025-10-01,09:28:47.000,343.65,75.0,343.2,344.1,300.0
2025-10-01,09:28:48.000,343.65,75.0,343.2,344.1,300.0
2025-10-01,09:28:49.000,344.18,225.0,343.75,344.6,675.0
2025-10-01,09:28:50.000,344.0,75.0,343.65,344.35,675.0
2025-10-01,09:28:51.000,344.0,75.0,343.65,344.35,675.0
2025-10-01,09:28:52.000,344.55,375.0,344.1,345.0,150.0
2025-10-01,09:28:53.000,344.55,375.0,344.1,345.0,150.0
2025-10-01,09:28:54.000,344.32,225.0,343.9,344.75,600.0
2025-10-01,09:28:55.000,343.55,75.0,343.05,344.05,1125.0
2025-10-01,09:28:56.000,343.55,75.0,343.05,344.05,1125.0
2025-10-01,09:28:57.000,344.4,75.0,344.05,344.75,600.0
2025-10-01,09:28:58.000,344.4,75.0,344.05,344.75,600.0
2025-10-01,09:28:59.000,344.4,75.0,344.05,344.75,225.0
2025-10-01,09:29:00.000,344.4,75.0,343.95,344.85,750.0
2025-10-01,09:29:01.000,344.4,75.0,343.95,344.85,750.0
2025-10-01,09:29:02.000,344.65,450.0,344.3,345.0,75.0
2025-10-01,09:29:03.000,344.65,450.0,344.3,345.0,75.0
2025-10-01,09:29:04.000,344.65,675.0,344.25,345.05,450.0
2025-10-01,09:29:05.000,344.68,75.0,344.3,345.05,225.0
2025-10-01,09:29:06.000,344.68,75.0,344.3,345.05,225.0
2025-10-01,09:29:07.000,344.75,75.0,344.4,345.1,75.0
2025-10-01,09:29:08.000,344.75,75.0,344.4,345.1,75.0
2025-10-01,09:29:09.000,343.98,600.0,343.45,344.5,300.0
2025-10-01,09:29:10.000,345.1,75.0,344.65,345.55,1275.0
2025-10-01,09:29:11.000,345.1,75.0,344.65,345.55,1275.0
2025-10-01,09:29:12.000,344.45,225.0,344.15,344.75,225.0
2025-10-01,09:29:13.000,344.45,225.0,344.15,344.75,225.0
2025-10-01,09:29:14.000,344.2,525.0,343.75,344.65,675.0
2025-10-01,09:29:15.000,344.12,450.0,343.55,344.7,600.0
2025-10-01,09:29:16.000,344.12,450.0,343.55,344.7,600.0
2025-10-01,09:29:17.000,345.32,525.0,344.75,345.9,675.0
2025-10-01,09:29:18.000,345.32,525.0,344.75,345.9,675.0
2025-10-01,09:29:19.000,344.98,225.0,344.65,345.3,375.0
2025-10-01,09:29:20.000,344.58,225.0,344.25,344.9,375.0
2025-10-01,09:29:21.000,344.58,225.0,344.25,344.9,375.0
2025-10-01,09:29:22.000,343.18,75.0,343.0,343.35,1200.0
2025-10-01,09:29:23.000,343.18,75.0,343.0,343.35,1200.0
2025-10-01,09:29:24.000,343.08,75.0,342.7,343.45,900.0
2025-10-01,09:29:25.000,342.45,75.0,342.05,342.85,900.0
2025-10-01,09:29:26.000,342.45,75.0,342.05,342.85,900.0
2025-10-01,09:29:27.000,342.2,75.0,342.0,342.4,300.0
2025-10-01,09:29:28.000,342.2,75.0,342.0,342.4,300.0
2025-10-01,09:29:29.000,342.82,225.0,342.4,343.25,300.0
2025-10-01,09:29:30.000,342.3,75.0,342.0,342.6,300.0
2025-10-01,09:29:31.000,342.3,75.0,342.0,342.6,300.0
2025-10-01,09:29:32.000,342.45,75.0,342.05,342.85,75.0
2025-10-01,09:29:33.000,342.45,75.0,342.05,342.85,75.0
2025-10-01,09:29:34.000,342.35,75.0,342.0,342.7,300.0
2025-10-01,09:29:35.000,342.25,75.0,342.0,342.5,675.0
2025-10-01,09:29:36.000,342.25,75.0,342.0,342.5,675.0
2025-10-01,09:29:37.000,342.28,75.0,342.0,342.55,750.0
2025-10-01,09:29:38.000,342.28,75.0,342.0,342.55,750.0
2025-10-01,09:29:39.000,341.52,75.0,341.05,342.0,675.0
2025-10-01,09:29:40.000,340.55,75.0,340.15,340.95,600.0
2025-10-01,09:29:41.000,340.55,75.0,340.15,340.95,600.0
2025-10-01,09:29:42.000,341.45,225.0,341.0,341.9,75.0
2025-10-01,09:29:43.000,341.45,225.0,341.0,341.9,75.0
2025-10-01,09:29:44.000,341.28,600.0,340.8,341.75,150.0
2025-10-01,09:29:45.000,341.58,75.0,341.15,342.0,825.0
2025-10-01,09:29:46.000,341.58,75.0,341.15,342.0,825.0
2025-10-01,09:29:47.000,341.02,600.0,340.55,341.5,150.0
2025-10-01,09:29:48.000,341.02,600.0,340.55,341.5,150.0
2025-10-01,09:29:49.000,341.45,75.0,341.0,341.9,600.0
2025-10-01,09:29:50.000,342.8,375.0,342.35,343.25,450.0
2025-10-01,09:29:51.000,342.8,375.0,342.35,343.25,450.0
2025-10-01,09:29:52.000,341.75,375.0,341.3,342.2,375.0
2025-10-01,09:29:53.000,341.75,375.0,341.3,342.2,375.0
2025-10-01,09:29:54.000,340.98,375.0,340.5,341.45,375.0
2025-10-01,09:29:55.000,340.6,75.0,340.2,341.0,150.0
2025-10-01,09:29:56.000,340.6,75.0,340.2,341.0,150.0
2025-10-01,09:29:57.000,340.4,75.0,340.1,340.7,375.0
2025-10-01,09:29:58.000,340.12,375.0,339.6,340.65,300.0
2025-10-01,09:29:59.000,340.12,375.0,339.6,340.65,300.0
2025-10-01,09:30:00.000,341.17,525.0,340.7,341.65,300.0
2025-10-01,09:30:01.000,341.17,525.0,340.7,341.65,300.0
2025-10-01,09:30:02.000,340.4,225.0,340.05,340.75,150.0
2025-10-01,09:30:03.000,340.1,375.0,339.7,340.5,150.0
2025-10-01,09:30:04.000,340.1,375.0,339.7,340.5,150.0
2025-10-01,09:30:05.000,340.0,225.0,339.55,340.45,300.0
2025-10-01,09:30:06.000,340.0,225.0,339.55,340.45,300.0
2025-10-01,09:30:07.000,339.68,375.0,339.35,340.0,150.0
2025-10-01,09:30:08.000,339.2,900.0,338.65,339.75,525.0
2025-10-01,09:30:09.000,339.2,900.0,338.65,339.75,525.0
2025-10-01,09:30:10.000,339.7,600.0,339.15,340.25,300.0
2025-10-01,09:30:11.000,339.7,600.0,339.15,340.25,300.0
2025-10-01,09:30:12.000,339.0,1050.0,338.5,339.5,525.0
2025-10-01,09:30:13.000,339.6,225.0,339.2,340.0,675.0
2025-10-01,09:30:14.000,339.6,225.0,339.2,340.0,675.0
2025-10-01,09:30:15.000,338.28,300.0,337.8,338.75,525.0
2025-10-01,09:30:16.000,338.28,300.0,337.8,338.75,525.0
2025-10-01,09:30:17.000,338.08,75.0,337.65,338.5,900.0
2025-10-01,09:30:18.000,337.78,75.0,337.35,338.2,750.0
2025-10-01,09:30:19.000,337.78,75.0,337.35,338.2,750.0
2025-10-01,09:30:20.000,337.98,150.0,337.5,338.45,1125.0
2025-10-01,09:30:21.000,337.98,150.0,337.5,338.45,1125.0
2025-10-01,09:30:22.000,338.15,150.0,337.75,338.55,750.0
2025-10-01,09:30:23.000,338.22,75.0,337.8,338.65,300.0
2025-10-01,09:30:24.000,338.22,75.0,337.8,338.65,300.0
2025-10-01,09:30:25.000,338.58,75.0,338.15,339.0,1050.0
2025-10-01,09:30:26.000,338.58,75.0,338.15,339.0,1050.0
2025-10-01,09:30:27.000,338.2,150.0,337.75,338.65,1050.0
2025-10-01,09:30:28.000,338.2,225.0,337.75,338.65,450.0
2025-10-01,09:30:29.000,338.2,225.0,337.75,338.65,450.0
2025-10-01,09:30:30.000,337.32,375.0,336.7,337.95,450.0
2025-10-01,09:30:31.000,337.32,375.0,336.7,337.95,450.0
2025-10-01,09:30:32.000,337.98,150.0,337.5,338.45,525.0
2025-10-01,09:30:33.000,337.78,150.0,337.3,338.25,1125.0
2025-10-01,09:30:34.000,337.78,150.0,337.3,338.25,1125.0
2025-10-01,09:30:35.000,337.35,150.0,337.0,337.7,300.0
2025-10-01,09:30:36.000,337.35,150.0,337.0,337.7,300.0
2025-10-01,09:30:37.000,336.65,225.0,336.25,337.05,300.0
2025-10-01,09:30:38.000,336.18,75.0,335.8,336.55,300.0
2025-10-01,09:30:39.000,336.18,75.0,335.8,336.55,300.0
2025-10-01,09:30:40.000,335.78,225.0,335.3,336.25,825.0
2025-10-01,09:30:41.000,335.78,225.0,335.3,336.25,825.0
2025-10-01,09:30:42.000,334.9,150.0,334.5,335.3,525.0
2025-10-01,09:30:43.000,334.6,825.0,334.1,335.1,675.0
2025-10-01,09:30:44.000,334.6,825.0,334.1,335.1,675.0
2025-10-01,09:30:45.000,335.08,900.0,334.65,335.5,75.0
2025-10-01,09:30:46.000,335.08,900.0,334.65,335.5,75.0
2025-10-01,09:30:47.000,334.12,750.0,333.65,334.6,450.0
2025-10-01,09:30:48.000,333.52,75.0,333.15,333.9,825.0
2025-10-01,09:30:49.000,333.52,75.0,333.15,333.9,825.0
2025-10-01,09:30:50.000,333.48,150.0,333.1,333.85,450.0
2025-10-01,09:30:51.000,333.48,150.0,333.1,333.85,450.0
2025-10-01,09:30:52.000,334.2,525.0,333.8,334.6,300.0
2025-10-01,09:30:53.000,333.85,300.0,333.5,334.2,375.0
2025-10-01,09:30:54.000,333.85,300.0,333.5,334.2,375.0
2025-10-01,09:30:55.000,333.72,450.0,333.3,334.15,300.0
2025-10-01,09:30:56.000,333.75,450.0,333.35,334.15,75.0
2025-10-01,09:30:57.000,333.75,450.0,333.35,334.15,75.0
2025-10-01,09:30:58.000,333.8,900.0,333.55,334.05,150.0
2025-10-01,09:30:59.000,333.8,900.0,333.55,334.05,150.0
2025-10-01,09:31:00.000,333.72,450.0,333.4,334.05,150.0
2025-10-01,09:31:01.000,333.62,75.0,333.25,334.0,525.0
2025-10-01,09:31:02.000,333.62,75.0,333.25,334.0,525.0
2025-10-01,09:31:03.000,333.2,675.0,332.7,333.7,450.0
2025-10-01,09:31:04.000,333.2,675.0,332.7,333.7,450.0
2025-10-01,09:31:05.000,332.62,75.0,332.3,332.95,150.0
2025-10-01,09:31:06.000,332.78,75.0,332.35,333.2,525.0
2025-10-01,09:31:07.000,332.78,75.0,332.35,333.2,525.0
2025-10-01,09:31:08.000,333.2,150.0,333.0,333.4,150.0
2025-10-01,09:31:09.000,333.2,150.0,333.0,333.4,150.0
2025-10-01,09:31:10.000,333.9,225.0,333.5,334.3,300.0
2025-10-01,09:31:11.000,334.08,225.0,333.9,334.25,75.0
2025-10-01,09:31:12.000,334.08,225.0,333.9,334.25,75.0
2025-10-01,09:31:13.000,333.05,225.0,332.55,333.55,300.0
2025-10-01,09:31:14.000,333.05,225.0,332.55,333.55,300.0
2025-10-01,09:31:15.000,332.6,975.0,332.15,333.05,450.0
2025-10-01,09:31:16.000,332.78,675.0,332.3,333.25,300.0
2025-10-01,09:31:17.000,332.78,675.0,332.3,333.25,300.0
2025-10-01,09:31:18.000,333.18,75.0,332.8,333.55,450.0
2025-10-01,09:31:19.000,333.18,75.0,332.8,333.55,450.0
2025-10-01,09:31:20.000,332.22,750.0,331.7,332.75,600.0
2025-10-01,09:31:21.000,332.2,300.0,332.0,332.4,75.0
2025-10-01,09:31:22.000,332.2,300.0,332.0,332.4,75.0
2025-10-01,09:31:23.000,331.88,1200.0,331.6,332.15,150.0
2025-10-01,09:31:24.000,331.88,1200.0,331.6,332.15,150.0
2025-10-01,09:31:25.000,331.85,1725.0,331.65,332.05,150.0
2025-10-01,09:31:26.000,332.1,225.0,332.0,332.2,150.0
2025-10-01,09:31:27.000,332.1,225.0,332.0,332.2,150.0
2025-10-01,09:31:28.000,333.12,300.0,332.75,333.5,450.0
2025-10-01,09:31:29.000,333.12,300.0,332.75,333.5,450.0
2025-10-01,09:31:30.000,333.1,225.0,332.75,333.45,150.0
2025-10-01,09:31:31.000,333.18,75.0,332.85,333.5,300.0
2025-10-01,09:31:32.000,333.18,75.0,332.85,333.5,300.0
2025-10-01,09:31:33.000,332.72,225.0,332.35,333.1,1050.0
2025-10-01,09:31:34.000,332.72,225.0,332.35,333.1,1050.0
2025-10-01,09:31:35.000,332.7,75.0,332.55,332.85,150.0
2025-10-01,09:31:36.000,332.48,525.0,332.1,332.85,75.0
2025-10-01,09:31:37.000,332.48,525.0,332.1,332.85,75.0
2025-10-01,09:31:38.000,331.78,525.0,331.6,331.95,150.0
2025-10-01,09:31:39.000,331.78,525.0,331.6,331.95,150.0
2025-10-01,09:31:40.000,332.05,75.0,331.8,332.3,150.0
2025-10-01,09:31:41.000,331.52,600.0,331.3,331.75,150.0
2025-10-01,09:31:42.000,331.52,600.0,331.3,331.75,150.0
2025-10-01,09:31:43.000,331.1,150.0,330.9,331.3,150.0
2025-10-01,09:31:44.000,331.1,150.0,330.9,331.3,150.0
2025-10-01,09:31:45.000,331.15,225.0,331.0,331.3,150.0
2025-10-01,09:31:46.000,331.42,525.0,331.1,331.75,225.0
2025-10-01,09:31:47.000,331.42,525.0,331.1,331.75,225.0
2025-10-01,09:31:48.000,332.33,75.0,332.05,332.6,150.0
2025-10-01,09:31:49.000,332.33,75.0,332.05,332.6,150.0
2025-10-01,09:31:50.000,332.08,75.0,331.7,332.45,225.0
2025-10-01,09:31:51.000,332.28,75.0,331.85,332.7,225.0
2025-10-01,09:31:52.000,332.28,75.0,331.85,332.7,225.0
2025-10-01,09:31:53.000,331.72,75.0,331.6,331.85,150.0
2025-10-01,09:31:54.000,331.72,75.0,331.6,331.85,150.0
2025-10-01,09:31:55.000,331.68,150.0,331.5,331.85,150.0
2025-10-01,09:31:56.000,333.48,75.0,333.1,333.85,75.0
2025-10-01,09:31:57.000,333.48,75.0,333.1,333.85,75.0
2025-10-01,09:31:58.000,334.65,75.0,334.25,335.05,75.0
2025-10-01,09:31:59.000,334.65,75.0,334.25,335.05,75.0
2025-10-01,09:32:00.000,335.3,1125.0,334.8,335.8,150.0
2025-10-01,09:32:01.000,335.0,450.0,334.55,335.45,75.0
2025-10-01,09:32:02.000,335.0,450.0,334.55,335.45,75.0
2025-10-01,09:32:03.000,333.65,75.0,333.3,334.0,75.0
2025-10-01,09:32:04.000,333.65,75.0,333.3,334.0,75.0
2025-10-01,09:32:05.000,333.85,75.0,333.55,334.15,300.0
2025-10-01,09:32:06.000,333.88,375.0,333.5,334.25,300.0
2025-10-01,09:32:07.000,333.88,375.0,333.5,334.25,300.0
2025-10-01,09:32:08.000,334.3,300.0,334.0,334.6,375.0
2025-10-01,09:32:09.000,334.3,300.0,334.0,334.6,375.0
2025-10-01,09:32:10.000,335.05,675.0,334.6,335.5,300.0
2025-10-01,09:32:11.000,334.55,825.0,334.15,334.95,300.0
2025-10-01,09:32:12.000,334.55,825.0,334.15,334.95,300.0
2025-10-01,09:32:13.000,334.7,75.0,334.3,335.1,375.0
2025-10-01,09:32:14.000,334.7,75.0,334.3,335.1,375.0
2025-10-01,09:32:15.000,334.85,75.0,334.45,335.25,300.0
2025-10-01,09:32:16.000,335.72,150.0,335.25,336.2,375.0
2025-10-01,09:32:17.000,335.72,150.0,335.25,336.2,375.0
2025-10-01,09:32:18.000,335.18,750.0,334.75,335.6,900.0
2025-10-01,09:32:19.000,335.18,750.0,334.75,335.6,900.0
2025-10-01,09:32:20.000,335.12,375.0,334.75,335.5,75.0
2025-10-01,09:32:21.000,335.05,75.0,334.65,335.45,75.0
2025-10-01,09:32:22.000,335.05,75.0,334.65,335.45,75.0
2025-10-01,09:32:23.000,335.42,150.0,335.0,335.85,600.0
2025-10-01,09:32:24.000,335.42,150.0,335.0,335.85,600.0
2025-10-01,09:32:25.000,335.8,225.0,335.4,336.2,375.0
2025-10-01,09:32:26.000,336.22,150.0,335.8,336.65,1050.0
2025-10-01,09:32:27.000,336.22,150.0,335.8,336.65,1050.0
2025-10-01,09:32:28.000,335.52,75.0,335.2,335.85,75.0
2025-10-01,09:32:29.000,335.52,75.0,335.2,335.85,75.0
2025-10-01,09:32:30.000,335.98,75.0,335.65,336.3,75.0
2025-10-01,09:32:31.000,336.48,300.0,336.15,336.8,300.0
2025-10-01,09:32:32.000,336.48,300.0,336.15,336.8,300.0
2025-10-01,09:32:33.000,335.6,75.0,335.2,336.0,75.0
2025-10-01,09:32:34.000,335.6,75.0,335.2,336.0,75.0
2025-10-01,09:32:35.000,335.58,450.0,335.1,336.05,75.0
2025-10-01,09:32:36.000,336.48,150.0,336.0,336.95,525.0
2025-10-01,09:32:37.000,336.48,150.0,336.0,336.95,525.0
2025-10-01,09:32:38.000,336.72,75.0,336.3,337.15,75.0
2025-10-01,09:32:39.000,336.72,75.0,336.3,337.15,75.0
2025-10-01,09:32:40.000,337.1,150.0,336.9,337.3,75.0
2025-10-01,09:32:41.000,336.45,75.0,336.05,336.85,75.0
2025-10-01,09:32:42.000,336.45,75.0,336.05,336.85,75.0
2025-10-01,09:32:43.000,336.58,75.0,336.25,336.9,375.0
2025-10-01,09:32:44.000,336.58,75.0,336.25,336.9,375.0
2025-10-01,09:32:45.000,336.98,75.0,336.65,337.3,300.0
2025-10-01,09:32:46.000,336.25,75.0,335.85,336.65,975.0
2025-10-01,09:32:47.000,336.25,75.0,335.85,336.65,975.0
2025-10-01,09:32:48.000,336.78,75.0,336.45,337.1,300.0
2025-10-01,09:32:49.000,336.78,75.0,336.45,337.1,300.0
2025-10-01,09:32:50.000,336.7,225.0,336.35,337.05,225.0
2025-10-01,09:32:51.000,337.18,75.0,336.75,337.6,975.0
2025-10-01,09:32:52.000,337.18,75.0,336.75,337.6,975.0
2025-10-01,09:32:53.000,338.08,75.0,337.65,338.5,300.0
2025-10-01,09:32:54.000,338.08,75.0,337.65,338.5,300.0
2025-10-01,09:32:55.000,338.45,600.0,338.0,338.9,675.0
2025-10-01,09:32:56.000,337.65,75.0,337.3,338.0,300.0
2025-10-01,09:32:57.000,337.65,75.0,337.3,338.0,300.0
2025-10-01,09:32:58.000,337.35,300.0,337.05,337.65,225.0
2025-10-01,09:32:59.000,337.35,300.0,337.05,337.65,225.0
2025-10-01,09:33:00.000,336.5,75.0,336.1,336.9,450.0
2025-10-01,09:33:01.000,335.92,75.0,335.6,336.25,75.0
2025-10-01,09:33:02.000,335.92,75.0,335.6,336.25,75.0
2025-10-01,09:33:03.000,335.78,375.0,335.3,336.25,375.0
2025-10-01,09:33:04.000,335.78,375.0,335.3,336.25,375.0
2025-10-01,09:33:05.000,335.68,75.0,335.35,336.0,75.0
2025-10-01,09:33:06.000,335.78,75.0,335.45,336.1,300.0
2025-10-01,09:33:07.000,335.78,75.0,335.45,336.1,300.0
2025-10-01,09:33:08.000,335.95,75.0,335.55,336.35,300.0
2025-10-01,09:33:09.000,335.95,75.0,335.55,336.35,300.0
2025-10-01,09:33:10.000,334.82,75.0,334.65,335.0,300.0
2025-10-01,09:33:11.000,334.5,75.0,334.2,334.8,1500.0
2025-10-01,09:33:12.000,334.5,75.0,334.2,334.8,1500.0
2025-10-01,09:33:13.000,335.78,225.0,335.3,336.25,600.0
2025-10-01,09:33:14.000,335.78,225.0,335.3,336.25,600.0
2025-10-01,09:33:15.000,335.05,75.0,334.7,335.4,300.0
2025-10-01,09:33:16.000,335.08,375.0,334.65,335.5,75.0
2025-10-01,09:33:17.000,335.08,375.0,334.65,335.5,75.0
2025-10-01,09:33:18.000,335.32,75.0,334.9,335.75,150.0
2025-10-01,09:33:19.000,335.32,75.0,334.9,335.75,150.0
2025-10-01,09:33:20.000,335.48,225.0,335.4,335.55,75.0
2025-10-01,09:33:21.000,334.08,75.0,333.65,334.5,75.0
2025-10-01,09:33:22.000,334.08,75.0,333.65,334.5,75.0
2025-10-01,09:33:23.000,334.1,750.0,334.0,334.2,375.0
2025-10-01,09:33:24.000,334.1,750.0,334.0,334.2,375.0
2025-10-01,09:33:25.000,334.38,750.0,334.0,334.75,225.0
2025-10-01,09:33:26.000,333.12,150.0,332.8,333.45,450.0
2025-10-01,09:33:27.000,333.12,150.0,332.8,333.45,450.0
2025-10-01,09:33:28.000,333.02,150.0,332.8,333.25,600.0
2025-10-01,09:33:29.000,333.02,150.0,332.8,333.25,600.0
2025-10-01,09:33:30.000,333.2,675.0,332.8,333.6,75.0
2025-10-01,09:33:31.000,332.92,450.0,332.5,333.35,75.0
2025-10-01,09:33:32.000,332.92,450.0,332.5,333.35,75.0
2025-10-01,09:33:33.000,333.1,150.0,332.7,333.5,225.0
2025-10-01,09:33:34.000,333.1,150.0,332.7,333.5,225.0
2025-10-01,09:33:35.000,333.42,75.0,333.25,333.6,75.0
2025-10-01,09:33:36.000,333.88,150.0,333.5,334.25,450.0
2025-10-01,09:33:37.000,333.88,150.0,333.5,334.25,450.0
2025-10-01,09:33:38.000,333.05,525.0,332.6,333.5,75.0
2025-10-01,09:33:39.000,333.05,525.0,332.6,333.5,75.0
2025-10-01,09:33:40.000,334.4,225.0,333.95,334.85,75.0
2025-10-01,09:33:41.000,333.8,375.0,333.4,334.2,75.0
2025-10-01,09:33:42.000,333.8,375.0,333.4,334.2,75.0
2025-10-01,09:33:43.000,333.22,300.0,332.95,333.5,75.0
2025-10-01,09:33:44.000,333.22,300.0,332.95,333.5,75.0
2025-10-01,09:33:45.000,333.12,300.0,332.75,333.5,300.0
2025-10-01,09:33:46.000,333.12,300.0,332.75,333.5,300.0
2025-10-01,09:33:47.000,333.12,300.0,332.75,333.5,300.0
2025-10-01,09:33:48.000,333.8,75.0,333.4,334.2,525.0
2025-10-01,09:33:49.000,333.8,75.0,333.4,334.2,525.0
2025-10-01,09:33:50.000,333.52,750.0,333.15,333.9,225.0
2025-10-01,09:33:51.000,332.9,300.0,332.45,333.35,525.0
2025-10-01,09:33:52.000,332.9,300.0,332.45,333.35,525.0
2025-10-01,09:33:53.000,333.32,75.0,332.9,333.75,150.0
2025-10-01,09:33:54.000,333.32,75.0,332.9,333.75,150.0
2025-10-01,09:33:55.000,333.12,225.0,332.8,333.45,300.0
2025-10-01,09:33:56.000,332.92,75.0,332.5,333.35,750.0
2025-10-01,09:33:57.000,332.92,75.0,332.5,333.35,750.0
2025-10-01,09:33:58.000,333.35,225.0,332.95,333.75,150.0
2025-10-01,09:33:59.000,333.35,225.0,332.95,333.75,150.0
2025-10-01,09:34:00.000,332.98,900.0,332.5,333.45,1050.0
2025-10-01,09:34:01.000,332.8,225.0,332.4,333.2,750.0
2025-10-01,09:34:02.000,332.8,225.0,332.4,333.2,750.0
2025-10-01,09:34:03.000,333.02,675.0,332.55,333.5,225.0
2025-10-01,09:34:04.000,333.02,675.0,332.55,333.5,225.0
2025-10-01,09:34:05.000,333.0,300.0,332.55,333.45,225.0
2025-10-01,09:34:06.000,333.22,825.0,332.8,333.65,450.0
2025-10-01,09:34:07.000,333.22,825.0,332.8,333.65,450.0
2025-10-01,09:34:08.000,333.28,300.0,332.85,333.7,75.0
2025-10-01,09:34:09.000,333.28,300.0,332.85,333.7,75.0
2025-10-01,09:34:10.000,333.08,675.0,332.65,333.5,450.0
2025-10-01,09:34:11.000,332.9,1125.0,332.4,333.4,1050.0
2025-10-01,09:34:12.000,332.9,1125.0,332.4,333.4,1050.0
2025-10-01,09:34:13.000,333.48,750.0,332.7,334.25,450.0
2025-10-01,09:34:14.000,333.48,750.0,332.7,334.25,450.0
2025-10-01,09:34:15.000,333.02,825.0,332.55,333.5,150.0
2025-10-01,09:34:16.000,333.15,300.0,332.8,333.5,150.0
2025-10-01,09:34:17.000,333.15,300.0,332.8,333.5,150.0
2025-10-01,09:34:18.000,332.82,525.0,332.4,333.25,300.0
2025-10-01,09:34:19.000,332.82,525.0,332.4,333.25,300.0
2025-10-01,09:34:20.000,332.82,525.0,332.4,333.25,300.0
2025-10-01,09:34:21.000,331.45,450.0,330.95,331.95,1050.0
2025-10-01,09:34:22.000,331.45,450.0,330.95,331.95,1050.0
2025-10-01,09:34:23.000,330.62,525.0,330.15,331.1,675.0
2025-10-01,09:34:24.000,330.62,525.0,330.15,331.1,675.0
2025-10-01,09:34:25.000,331.28,300.0,331.05,331.5,75.0
2025-10-01,09:34:26.000,331.52,750.0,331.05,332.0,750.0
2025-10-01,09:34:27.000,331.52,750.0,331.05,332.0,750.0
2025-10-01,09:34:28.000,331.9,300.0,331.55,332.25,150.0
2025-10-01,09:34:29.000,332.12,75.0,331.75,332.5,750.0
2025-10-01,09:34:30.000,332.12,75.0,331.75,332.5,750.0
2025-10-01,09:34:31.000,333.12,300.0,332.75,333.5,225.0
2025-10-01,09:34:32.000,333.12,300.0,332.75,333.5,225.0
2025-10-01,09:34:33.000,332.7,375.0,332.4,333.0,375.0
2025-10-01,09:34:34.000,331.62,225.0,331.2,332.05,900.0
2025-10-01,09:34:35.000,331.62,225.0,331.2,332.05,900.0
2025-10-01,09:34:36.000,331.62,1050.0,331.2,332.05,750.0
2025-10-01,09:34:37.000,331.62,1050.0,331.2,332.05,750.0
2025-10-01,09:34:38.000,332.18,1125.0,331.75,332.6,375.0
2025-10-01,09:34:39.000,332.12,750.0,331.65,332.6,525.0
2025-10-01,09:34:40.000,332.12,750.0,331.65,332.6,525.0
2025-10-01,09:34:41.000,331.8,75.0,331.4,332.2,75.0
2025-10-01,09:34:42.000,331.8,75.0,331.4,332.2,75.0
2025-10-01,09:34:43.000,332.05,1275.0,331.6,332.5,150.0
2025-10-01,09:34:44.000,332.88,300.0,332.45,333.3,375.0
2025-10-01,09:34:45.000,332.88,300.0,332.45,333.3,375.0
2025-10-01,09:34:46.000,332.65,300.0,332.3,333.0,150.0
2025-10-01,09:34:47.000,332.65,300.0,332.3,333.0,150.0
2025-10-01,09:34:48.000,333.1,300.0,332.7,333.5,225.0
2025-10-01,09:34:49.000,333.0,300.0,332.6,333.4,750.0
2025-10-01,09:34:50.000,333.0,300.0,332.6,333.4,750.0
2025-10-01,09:34:51.000,333.02,300.0,332.55,333.5,225.0
2025-10-01,09:34:52.000,333.02,300.0,332.55,333.5,225.0
2025-10-01,09:34:53.000,333.1,825.0,332.7,333.5,300.0
2025-10-01,09:34:54.000,333.22,675.0,332.8,333.65,450.0
2025-10-01,09:34:55.000,333.22,675.0,332.8,333.65,450.0
2025-10-01,09:34:56.000,332.7,525.0,332.3,333.1,75.0
2025-10-01,09:34:57.000,332.7,525.0,332.3,333.1,75.0
2025-10-01,09:34:58.000,332.65,300.0,332.25,333.05,750.0
2025-10-01,09:34:59.000,332.85,300.0,332.45,333.25,150.0
2025-10-01,09:35:00.000,332.85,300.0,332.45,333.25,150.0
2025-10-01,09:35:01.000,332.28,300.0,331.8,332.75,1050.0
2025-10-01,09:35:02.000,332.28,300.0,331.8,332.75,1050.0
2025-10-01,09:35:03.000,331.33,450.0,330.85,331.8,900.0
2025-10-01,09:35:04.000,331.05,675.0,330.6,331.5,225.0
2025-10-01,09:35:05.000,331.05,675.0,330.6,331.5,225.0
2025-10-01,09:35:06.000,330.5,600.0,330.1,330.9,75.0
2025-10-01,09:35:07.000,330.5,600.0,330.1,330.9,75.0
2025-10-01,09:35:08.000,330.75,300.0,330.3,331.2,525.0
2025-10-01,09:35:09.000,330.88,300.0,330.5,331.25,150.0
2025-10-01,09:35:10.000,330.88,300.0,330.5,331.25,150.0
2025-10-01,09:35:11.000,331.32,600.0,330.9,331.75,150.0
2025-10-01,09:35:12.000,331.32,600.0,330.9,331.75,150.0
2025-10-01,09:35:13.000,331.82,300.0,331.4,332.25,225.0
2025-10-01,09:35:14.000,331.32,300.0,330.95,331.7,75.0
2025-10-01,09:35:15.000,331.32,300.0,330.95,331.7,75.0
2025-10-01,09:35:16.000,331.58,300.0,331.2,331.95,525.0
2025-10-01,09:35:17.000,331.58,300.0,331.2,331.95,525.0
2025-10-01,09:35:18.000,331.82,300.0,331.45,332.2,75.0
2025-10-01,09:35:19.000,331.82,300.0,331.45,332.2,75.0
2025-10-01,09:35:20.000,331.95,1125.0,331.65,332.25,75.0
2025-10-01,09:35:21.000,332.38,225.0,332.0,332.75,150.0
2025-10-01,09:35:22.000,332.38,225.0,332.0,332.75,150.0
2025-10-01,09:35:23.000,331.85,300.0,331.45,332.25,450.0
2025-10-01,09:35:24.000,331.85,300.0,331.45,332.25,450.0
2025-10-01,09:35:25.000,332.22,1050.0,331.8,332.65,600.0
2025-10-01,09:35:26.000,331.52,900.0,331.05,332.0,150.0
2025-10-01,09:35:27.000,331.52,900.0,331.05,332.0,150.0
2025-10-01,09:35:28.000,331.98,1050.0,331.5,332.45,1050.0
2025-10-01,09:35:29.000,331.98,1050.0,331.5,332.45,1050.0
2025-10-01,09:35:30.000,331.4,75.0,330.9,331.9,1275.0
2025-10-01,09:35:31.000,331.7,300.0,331.3,332.1,750.0
2025-10-01,09:35:32.000,331.7,300.0,331.3,332.1,750.0
2025-10-01,09:35:33.000,332.08,300.0,331.65,332.5,225.0
2025-10-01,09:35:34.000,332.08,300.0,331.65,332.5,225.0
2025-10-01,09:35:35.000,332.05,825.0,331.6,332.5,450.0
2025-10-01,09:35:36.000,332.22,450.0,331.75,332.7,75.0
2025-10-01,09:35:37.000,332.22,450.0,331.75,332.7,75.0
2025-10-01,09:35:38.000,332.17,1050.0,331.7,332.65,300.0
2025-10-01,09:35:39.000,332.17,1050.0,331.7,332.65,300.0
2025-10-01,09:35:40.000,332.4,750.0,331.8,333.0,300.0
2025-10-01,09:35:41.000,332.32,750.0,331.9,332.75,300.0
2025-10-01,09:35:42.000,332.32,750.0,331.9,332.75,300.0
2025-10-01,09:35:43.000,332.88,750.0,332.45,333.3,300.0
2025-10-01,09:35:44.000,332.88,750.0,332.45,333.3,300.0
2025-10-01,09:35:45.000,332.8,375.0,332.35,333.25,1050.0
2025-10-01,09:35:46.000,332.45,450.0,332.05,332.85,300.0
2025-10-01,09:35:47.000,332.45,450.0,332.05,332.85,300.0
2025-10-01,09:35:48.000,332.7,750.0,332.3,333.1,300.0
2025-10-01,09:35:49.000,332.7,750.0,332.3,333.1,300.0
2025-10-01,09:35:50.000,332.58,300.0,332.15,333.0,225.0
2025-10-01,09:35:51.000,333.4,300.0,333.05,333.75,225.0
2025-10-01,09:35:52.000,333.4,300.0,333.05,333.75,225.0
2025-10-01,09:35:53.000,334.18,75.0,333.85,334.5,225.0
2025-10-01,09:35:54.000,334.18,75.0,333.85,334.5,225.0
2025-10-01,09:35:55.000,334.28,450.0,333.9,334.65,300.0
2025-10-01,09:35:56.000,334.35,450.0,333.95,334.75,300.0
2025-10-01,09:35:57.000,334.35,450.0,333.95,334.75,300.0
2025-10-01,09:35:58.000,334.72,900.0,334.2,335.25,225.0
2025-10-01,09:35:59.000,334.72,900.0,334.2,335.25,225.0
2025-10-01,09:36:00.000,334.45,825.0,334.05,334.85,300.0
2025-10-01,09:36:01.000,334.85,225.0,334.5,335.2,300.0
2025-10-01,09:36:02.000,334.85,225.0,334.5,335.2,300.0
2025-10-01,09:36:03.000,334.2,75.0,333.85,334.55,300.0
2025-10-01,09:36:04.000,334.2,75.0,333.85,334.55,300.0
2025-10-01,09:36:05.000,333.65,75.0,333.3,334.0,450.0
2025-10-01,09:36:06.000,333.3,750.0,332.85,333.75,225.0
2025-10-01,09:36:07.000,333.3,750.0,332.85,333.75,225.0
2025-10-01,09:36:08.000,332.98,600.0,332.55,333.4,300.0
2025-10-01,09:36:09.000,332.98,600.0,332.55,333.4,300.0
2025-10-01,09:36:10.000,333.02,750.0,332.6,333.45,300.0
2025-10-01,09:36:11.000,332.0,450.0,331.55,332.45,450.0
2025-10-01,09:36:12.000,332.0,450.0,331.55,332.45,450.0
2025-10-01,09:36:13.000,331.0,300.0,330.6,331.4,225.0
2025-10-01,09:36:14.000,331.0,300.0,330.6,331.4,225.0
2025-10-01,09:36:15.000,331.55,1125.0,331.1,332.0,225.0
2025-10-01,09:36:16.000,331.72,300.0,331.3,332.15,1125.0
2025-10-01,09:36:17.000,331.72,300.0,331.3,332.15,1125.0
2025-10-01,09:36:18.000,331.3,750.0,330.85,331.75,225.0
2025-10-01,09:36:19.000,331.78,1425.0,331.3,332.25,225.0
2025-10-01,09:36:20.000,331.78,1425.0,331.3,332.25,225.0
2025-10-01,09:36:21.000,331.0,675.0,330.55,331.45,1050.0
2025-10-01,09:36:22.000,331.0,675.0,330.55,331.45,1050.0
2025-10-01,09:36:23.000,331.0,300.0,330.6,331.4,750.0
2025-10-01,09:36:24.000,331.6,600.0,331.1,332.1,450.0
2025-10-01,09:36:25.000,331.6,600.0,331.1,332.1,450.0
2025-10-01,09:36:26.000,331.17,1425.0,330.65,331.7,750.0
2025-10-01,09:36:27.000,331.17,1425.0,330.65,331.7,750.0
2025-10-01,09:36:28.000,331.3,1050.0,330.85,331.75,525.0
2025-10-01,09:36:29.000,331.42,450.0,331.0,331.85,600.0
2025-10-01,09:36:30.000,331.42,450.0,331.0,331.85,600.0
2025-10-01,09:36:31.000,331.32,375.0,330.9,331.75,450.0
2025-10-01,09:36:32.000,331.32,375.0,330.9,331.75,450.0
2025-10-01,09:36:33.000,331.02,300.0,330.6,331.45,1125.0
2025-10-01,09:36:34.000,330.38,450.0,329.75,331.0,600.0
2025-10-01,09:36:35.000,330.38,450.0,329.75,331.0,600.0
2025-10-01,09:36:36.000,330.98,225.0,330.5,331.45,750.0
2025-10-01,09:36:37.000,330.98,225.0,330.5,331.45,750.0
2025-10-01,09:36:38.000,330.9,300.0,330.45,331.35,750.0
2025-10-01,09:36:39.000,330.75,300.0,330.3,331.2,750.0
2025-10-01,09:36:40.000,330.75,300.0,330.3,331.2,750.0
2025-10-01,09:36:41.000,330.22,225.0,329.75,330.7,750.0
2025-10-01,09:36:42.000,330.22,225.0,329.75,330.7,750.0
2025-10-01,09:36:43.000,330.12,300.0,329.65,330.6,750.0
2025-10-01,09:36:44.000,329.45,75.0,329.15,329.75,150.0
2025-10-01,09:36:45.000,329.45,75.0,329.15,329.75,150.0
2025-10-01,09:36:46.000,330.22,600.0,329.7,330.75,225.0
2025-10-01,09:36:47.000,330.22,600.0,329.7,330.75,225.0
2025-10-01,09:36:48.000,330.38,300.0,330.0,330.75,150.0
2025-10-01,09:36:49.000,330.15,300.0,329.7,330.6,75.0
2025-10-01,09:36:50.000,330.15,300.0,329.7,330.6,75.0
2025-10-01,09:36:51.000,329.75,300.0,329.3,330.2,975.0
2025-10-01,09:36:52.000,329.75,300.0,329.3,330.2,975.0
2025-10-01,09:36:53.000,330.15,300.0,329.8,330.5,150.0
2025-10-01,09:36:54.000,330.32,300.0,329.9,330.75,225.0
2025-10-01,09:36:55.000,330.32,300.0,329.9,330.75,225.0
2025-10-01,09:36:56.000,330.1,300.0,329.7,330.5,150.0
2025-10-01,09:36:57.000,330.1,300.0,329.7,330.5,150.0
2025-10-01,09:36:58.000,329.92,300.0,329.6,330.25,150.0
2025-10-01,09:36:59.000,329.6,675.0,329.2,330.0,150.0
2025-10-01,09:37:00.000,329.6,675.0,329.2,330.0,150.0
2025-10-01,09:37:01.000,330.3,150.0,329.75,330.85,750.0
2025-10-01,09:37:02.000,330.3,150.0,329.75,330.85,750.0
2025-10-01,09:37:03.000,330.52,975.0,330.05,331.0,150.0
2025-10-01,09:37:04.000,330.72,900.0,330.25,331.2,300.0
2025-10-01,09:37:05.000,330.72,900.0,330.25,331.2,300.0
2025-10-01,09:37:06.000,329.68,300.0,329.25,330.1,300.0
2025-10-01,09:37:07.000,329.68,300.0,329.25,330.1,300.0
2025-10-01,09:37:08.000,328.95,75.0,328.55,329.35,300.0
2025-10-01,09:37:09.000,329.18,75.0,328.85,329.5,150.0
2025-10-01,09:37:10.000,329.18,75.0,328.85,329.5,150.0
2025-10-01,09:37:11.000,329.32,375.0,328.9,329.75,525.0
2025-10-01,09:37:12.000,329.32,375.0,328.9,329.75,525.0
2025-10-01,09:37:13.000,329.58,300.0,329.15,330.0,525.0
2025-10-01,09:37:14.000,329.38,75.0,329.0,329.75,675.0
2025-10-01,09:37:15.000,329.38,75.0,329.0,329.75,675.0
2025-10-01,09:37:16.000,330.25,450.0,329.75,330.75,450.0
2025-10-01,09:37:17.000,330.25,450.0,329.75,330.75,450.0
2025-10-01,09:37:18.000,330.0,450.0,329.5,330.5,225.0
2025-10-01,09:37:19.000,330.08,450.0,329.65,330.5,225.0
2025-10-01,09:37:20.000,330.08,450.0,329.65,330.5,225.0
2025-10-01,09:37:21.000,329.82,300.0,329.4,330.25,225.0
2025-10-01,09:37:22.000,329.82,300.0,329.4,330.25,225.0
2025-10-01,09:37:23.000,329.7,375.0,329.2,330.2,525.0
2025-10-01,09:37:24.000,329.78,750.0,329.3,330.25,525.0
2025-10-01,09:37:25.000,329.78,750.0,329.3,330.25,525.0
2025-10-01,09:37:26.000,329.12,750.0,328.55,329.7,525.0
2025-10-01,09:37:27.000,329.4,300.0,329.0,329.8,300.0
2025-10-01,09:37:28.000,329.4,300.0,329.0,329.8,300.0
2025-10-01,09:37:29.000,329.28,300.0,328.9,329.65,450.0
2025-10-01,09:37:30.000,329.28,300.0,328.9,329.65,450.0
2025-10-01,09:37:31.000,329.3,300.0,328.9,329.7,150.0
2025-10-01,09:37:32.000,329.42,300.0,329.0,329.85,300.0
2025-10-01,09:37:33.000,329.42,300.0,329.0,329.85,300.0
2025-10-01,09:37:34.000,329.52,300.0,329.1,329.95,1200.0
2025-10-01,09:37:35.000,329.52,300.0,329.1,329.95,1200.0
2025-10-01,09:37:36.000,329.45,525.0,329.15,329.75,150.0
2025-10-01,09:37:37.000,329.45,825.0,329.0,329.9,525.0
2025-10-01,09:37:38.000,329.45,825.0,329.0,329.9,525.0
2025-10-01,09:37:39.000,329.52,450.0,329.05,330.0,225.0
2025-10-01,09:37:40.000,329.52,450.0,329.05,330.0,225.0
2025-10-01,09:37:41.000,330.08,750.0,329.65,330.5,450.0
2025-10-01,09:37:42.000,329.65,75.0,329.3,330.0,75.0
2025-10-01,09:37:43.000,329.65,75.0,329.3,330.0,75.0
2025-10-01,09:37:44.000,329.58,75.0,329.1,330.05,300.0
2025-10-01,09:37:45.000,329.58,75.0,329.1,330.05,300.0
2025-10-01,09:37:46.000,329.58,750.0,329.2,329.95,75.0
2025-10-01,09:37:47.000,329.62,750.0,329.2,330.05,1050.0
2025-10-01,09:37:48.000,329.62,750.0,329.2,330.05,1050.0
2025-10-01,09:37:49.000,329.25,300.0,328.8,329.7,525.0
2025-10-01,09:37:50.000,329.25,300.0,328.8,329.7,525.0
2025-10-01,09:37:51.000,329.25,750.0,328.8,329.7,825.0
2025-10-01,09:37:52.000,329.62,750.0,329.25,330.0,150.0
2025-10-01,09:37:53.000,329.62,750.0,329.25,330.0,150.0
2025-10-01,09:37:54.000,329.67,1500.0,329.2,330.15,1200.0
2025-10-01,09:37:55.000,329.67,1500.0,329.2,330.15,1200.0
2025-10-01,09:37:56.000,329.62,600.0,329.25,330.0,225.0
2025-10-01,09:37:57.000,330.22,300.0,329.8,330.65,225.0
2025-10-01,09:37:58.000,330.22,300.0,329.8,330.65,225.0
2025-10-01,09:37:59.000,330.12,1050.0,329.75,330.5,150.0
2025-10-01,09:38:00.000,330.12,1050.0,329.75,330.5,150.0
2025-10-01,09:38:01.000,330.48,825.0,330.0,330.95,450.0
2025-10-01,09:38:02.000,330.85,75.0,330.5,331.2,75.0
2025-10-01,09:38:03.000,330.85,75.0,330.5,331.2,75.0
2025-10-01,09:38:04.000,331.45,75.0,331.1,331.8,75.0
2025-10-01,09:38:05.000,331.45,75.0,331.1,331.8,75.0
2025-10-01,09:38:06.000,332.0,75.0,331.55,332.45,300.0
2025-10-01,09:38:07.000,332.02,75.0,331.65,332.4,375.0
2025-10-01,09:38:08.000,332.02,75.0,331.65,332.4,375.0
2025-10-01,09:38:09.000,331.4,75.0,331.05,331.75,825.0
2025-10-01,09:38:10.000,331.4,75.0,331.05,331.75,825.0
2025-10-01,09:38:11.000,331.65,75.0,331.3,332.0,375.0
2025-10-01,09:38:12.000,332.15,75.0,331.8,332.5,75.0
2025-10-01,09:38:13.000,332.15,75.0,331.8,332.5,75.0
2025-10-01,09:38:14.000,332.32,75.0,332.0,332.65,1050.0
2025-10-01,09:38:15.000,332.32,75.0,332.0,332.65,1050.0
2025-10-01,09:38:16.000,332.08,75.0,331.75,332.4,375.0
2025-10-01,09:38:17.000,332.1,75.0,331.75,332.45,900.0
2025-10-01,09:38:18.000,332.1,75.0,331.75,332.45,900.0
2025-10-01,09:38:19.000,331.15,75.0,330.85,331.45,300.0
2025-10-01,09:38:20.000,331.15,75.0,330.85,331.45,300.0
2025-10-01,09:38:21.000,331.02,75.0,330.65,331.4,375.0
2025-10-01,09:38:22.000,331.15,75.0,330.8,331.5,300.0
2025-10-01,09:38:23.000,331.15,75.0,330.8,331.5,300.0
2025-10-01,09:38:24.000,331.15,1050.0,330.75,331.55,675.0
2025-10-01,09:38:25.000,331.15,1050.0,330.75,331.55,675.0
2025-10-01,09:38:26.000,332.3,975.0,331.9,332.7,300.0
2025-10-01,09:38:27.000,333.35,825.0,332.9,333.8,1050.0
2025-10-01,09:38:28.000,333.35,825.0,332.9,333.8,1050.0
2025-10-01,09:38:29.000,333.32,75.0,332.95,333.7,675.0
2025-10-01,09:38:30.000,333.32,75.0,332.95,333.7,675.0
2025-10-01,09:38:31.000,333.02,75.0,332.65,333.4,750.0
2025-10-01,09:38:32.000,332.4,1575.0,331.85,332.95,75.0
2025-10-01,09:38:33.000,332.4,1575.0,331.85,332.95,75.0
2025-10-01,09:38:34.000,332.48,525.0,332.05,332.9,375.0
2025-10-01,09:38:35.000,332.48,525.0,332.05,332.9,375.0
2025-10-01,09:38:36.000,332.02,300.0,331.6,332.45,825.0
2025-10-01,09:38:37.000,331.98,450.0,331.5,332.45,750.0
2025-10-01,09:38:38.000,331.98,450.0,331.5,332.45,750.0
2025-10-01,09:38:39.000,331.72,150.0,331.25,332.2,1425.0
2025-10-01,09:38:40.000,331.72,150.0,331.25,332.2,1425.0
2025-10-01,09:38:41.000,331.42,150.0,331.0,331.85,450.0
2025-10-01,09:38:42.000,332.1,525.0,331.65,332.55,1200.0
2025-10-01,09:38:43.000,332.1,525.0,331.65,332.55,1200.0
2025-10-01,09:38:44.000,331.88,450.0,331.45,332.3,675.0
2025-10-01,09:38:45.000,331.92,375.0,331.5,332.35,750.0
2025-10-01,09:38:46.000,331.92,375.0,331.5,332.35,750.0
2025-10-01,09:38:47.000,331.3,525.0,330.85,331.75,750.0
2025-10-01,09:38:48.000,331.3,525.0,330.85,331.75,750.0
2025-10-01,09:38:49.000,331.38,150.0,330.95,331.8,750.0
2025-10-01,09:38:50.000,331.32,150.0,330.9,331.75,750.0
2025-10-01,09:38:51.000,331.32,150.0,330.9,331.75,750.0
2025-10-01,09:38:52.000,331.42,150.0,331.0,331.85,300.0
2025-10-01,09:38:53.000,331.42,150.0,331.0,331.85,300.0
2025-10-01,09:38:54.000,331.67,300.0,331.2,332.15,675.0
2025-10-01,09:38:55.000,332.28,150.0,331.85,332.7,525.0
2025-10-01,09:38:56.000,332.28,150.0,331.85,332.7,525.0
2025-10-01,09:38:57.000,332.3,150.0,331.9,332.7,450.0
2025-10-01,09:38:58.000,332.3,150.0,331.9,332.7,450.0
2025-10-01,09:38:59.000,332.25,150.0,331.85,332.65,450.0
2025-10-01,09:39:00.000,332.08,150.0,331.7,332.45,450.0
2025-10-01,09:39:01.000,332.08,150.0,331.7,332.45,450.0
2025-10-01,09:39:02.000,332.4,150.0,332.05,332.75,150.0
2025-10-01,09:39:03.000,332.4,150.0,332.05,332.75,150.0
2025-10-01,09:39:04.000,332.78,150.0,332.3,333.25,150.0
2025-10-01,09:39:05.000,332.2,600.0,331.65,332.75,600.0
2025-10-01,09:39:06.000,332.2,600.0,331.65,332.75,600.0
2025-10-01,09:39:07.000,331.58,150.0,331.15,332.0,300.0
2025-10-01,09:39:08.000,331.58,150.0,331.15,332.0,300.0
2025-10-01,09:39:09.000,332.05,150.0,331.65,332.45,300.0
2025-10-01,09:39:10.000,331.92,150.0,331.5,332.35,300.0
2025-10-01,09:39:11.000,331.92,150.0,331.5,332.35,300.0
2025-10-01,09:39:12.000,331.68,150.0,331.25,332.1,300.0
2025-10-01,09:39:13.000,331.68,150.0,331.25,332.1,300.0
2025-10-01,09:39:14.000,331.55,150.0,331.15,331.95,450.0
2025-10-01,09:39:15.000,331.05,150.0,330.55,331.55,750.0
2025-10-01,09:39:16.000,331.05,150.0,330.55,331.55,750.0
2025-10-01,09:39:17.000,330.32,750.0,329.9,330.75,225.0
2025-10-01,09:39:18.000,330.32,750.0,329.9,330.75,225.0
2025-10-01,09:39:19.000,330.12,150.0,329.75,330.5,150.0
2025-10-01,09:39:20.000,330.28,300.0,330.15,330.4,450.0
2025-10-01,09:39:21.000,330.28,300.0,330.15,330.4,450.0
2025-10-01,09:39:22.000,329.98,75.0,329.75,330.2,450.0
2025-10-01,09:39:23.000,329.98,75.0,329.75,330.2,450.0
2025-10-01,09:39:24.000,330.3,900.0,329.85,330.75,450.0
2025-10-01,09:39:25.000,330.12,75.0,329.75,330.5,150.0
2025-10-01,09:39:26.000,330.12,75.0,329.75,330.5,150.0
2025-10-01,09:39:27.000,330.12,75.0,329.75,330.5,225.0
2025-10-01,09:39:28.000,330.12,75.0,329.75,330.5,225.0
2025-10-01,09:39:29.000,329.48,75.0,329.05,329.9,225.0
2025-10-01,09:39:30.000,327.88,750.0,327.5,328.25,75.0
2025-10-01,09:39:31.000,327.88,750.0,327.5,328.25,75.0
2025-10-01,09:39:32.000,328.45,225.0,328.2,328.7,225.0
2025-10-01,09:39:33.000,328.45,225.0,328.2,328.7,225.0
2025-10-01,09:39:34.000,327.62,75.0,327.45,327.8,150.0
2025-10-01,09:39:35.000,327.85,1050.0,327.45,328.25,150.0
2025-10-01,09:39:36.000,327.85,1050.0,327.45,328.25,150.0
2025-10-01,09:39:37.000,328.28,750.0,327.8,328.75,525.0
2025-10-01,09:39:38.000,328.28,750.0,327.8,328.75,525.0
2025-10-01,09:39:39.000,328.8,75.0,328.45,329.15,375.0
2025-10-01,09:39:40.000,328.32,900.0,327.9,328.75,150.0
2025-10-01,09:39:41.000,328.32,900.0,327.9,328.75,150.0
2025-10-01,09:39:42.000,328.02,975.0,327.55,328.5,150.0
2025-10-01,09:39:43.000,328.02,975.0,327.55,328.5,150.0
2025-10-01,09:39:44.000,327.78,975.0,327.35,328.2,300.0
2025-10-01,09:39:45.000,328.22,900.0,327.7,328.75,900.0
2025-10-01,09:39:46.000,328.22,900.0,327.7,328.75,900.0
2025-10-01,09:39:47.000,327.92,750.0,327.45,328.4,300.0
2025-10-01,09:39:48.000,327.92,750.0,327.45,328.4,300.0
2025-10-01,09:39:49.000,328.1,75.0,327.7,328.5,675.0
2025-10-01,09:39:50.000,328.1,975.0,327.7,328.5,375.0
2025-10-01,09:39:51.000,328.1,975.0,327.7,328.5,375.0
2025-10-01,09:39:52.000,327.98,75.0,327.7,328.25,825.0
2025-10-01,09:39:53.000,327.98,75.0,327.7,328.25,825.0
2025-10-01,09:39:54.000,328.42,675.0,328.0,328.85,300.0
2025-10-01,09:39:55.000,328.6,900.0,328.0,329.2,75.0
2025-10-01,09:39:56.000,328.6,900.0,328.0,329.2,75.0
2025-10-01,09:39:57.000,328.67,375.0,328.2,329.15,1200.0
2025-10-01,09:39:58.000,328.67,375.0,328.2,329.15,1200.0
2025-10-01,09:39:59.000,328.85,1125.0,328.4,329.3,375.0
2025-10-01,09:40:00.000,328.82,150.0,328.45,329.2,450.0
2025-10-01,09:40:01.000,328.82,150.0,328.45,329.2,450.0
2025-10-01,09:40:02.000,328.98,975.0,328.55,329.4,300.0
2025-10-01,09:40:03.000,328.98,975.0,328.55,329.4,300.0
2025-10-01,09:40:04.000,329.28,1125.0,328.8,329.75,150.0
2025-10-01,09:40:05.000,328.75,150.0,328.3,329.2,450.0
2025-10-01,09:40:06.000,328.75,150.0,328.3,329.2,450.0
2025-10-01,09:40:07.000,328.52,150.0,328.1,328.95,1275.0
2025-10-01,09:40:08.000,328.52,150.0,328.1,328.95,1275.0
2025-10-01,09:40:09.000,328.85,150.0,328.45,329.25,825.0
2025-10-01,09:40:10.000,328.78,150.0,328.35,329.2,1050.0
2025-10-01,09:40:11.000,328.78,150.0,328.35,329.2,1050.0
2025-10-01,09:40:12.000,328.72,150.0,328.3,329.15,1425.0
2025-10-01,09:40:13.000,328.72,150.0,328.3,329.15,1425.0
2025-10-01,09:40:14.000,329.32,750.0,328.9,329.75,225.0
2025-10-01,09:40:15.000,329.8,1125.0,329.35,330.25,225.0
2025-10-01,09:40:16.000,329.8,1125.0,329.35,330.25,225.0
2025-10-01,09:40:17.000,329.65,525.0,329.2,330.1,1050.0
2025-10-01,09:40:18.000,329.65,525.0,329.2,330.1,1050.0
2025-10-01,09:40:19.000,330.0,150.0,329.55,330.45,300.0
2025-10-01,09:40:20.000,329.9,1275.0,329.4,330.4,375.0
2025-10-01,09:40:21.000,329.9,1275.0,329.4,330.4,375.0
2025-10-01,09:40:22.000,330.3,150.0,329.75,330.85,75.0
2025-10-01,09:40:23.000,330.3,150.0,329.75,330.85,75.0
2025-10-01,09:40:24.000,330.5,600.0,330.0,331.0,150.0
2025-10-01,09:40:25.000,330.32,750.0,329.9,330.75,150.0
2025-10-01,09:40:26.000,330.32,750.0,329.9,330.75,150.0
2025-10-01,09:40:27.000,330.33,150.0,330.05,330.6,150.0
2025-10-01,09:40:28.000,330.33,150.0,330.05,330.6,150.0
2025-10-01,09:40:29.000,330.82,150.0,330.4,331.25,525.0
2025-10-01,09:40:30.000,330.85,150.0,330.45,331.25,225.0
2025-10-01,09:40:31.000,330.85,150.0,330.45,331.25,225.0
2025-10-01,09:40:32.000,330.92,150.0,330.5,331.35,450.0
2025-10-01,09:40:33.000,330.92,150.0,330.5,331.35,450.0
2025-10-01,09:40:34.000,331.25,750.0,330.8,331.7,825.0
2025-10-01,09:40:35.000,330.48,150.0,330.2,330.75,150.0
2025-10-01,09:40:36.000,330.48,150.0,330.2,330.75,150.0
2025-10-01,09:40:37.000,331.0,150.0,330.55,331.45,750.0
2025-10-01,09:40:38.000,331.0,150.0,330.55,331.45,750.0
2025-10-01,09:40:39.000,331.8,450.0,331.35,332.25,150.0
2025-10-01,09:40:40.000,331.7,75.0,331.35,332.05,750.0
2025-10-01,09:40:41.000,331.7,75.0,331.35,332.05,750.0
2025-10-01,09:40:42.000,331.78,225.0,331.35,332.2,1125.0
2025-10-01,09:40:43.000,331.78,225.0,331.35,332.2,1125.0
2025-10-01,09:40:44.000,332.3,150.0,331.9,332.7,75.0
2025-10-01,09:40:45.000,332.1,75.0,331.7,332.5,1200.0
2025-10-01,09:40:46.000,332.1,75.0,331.7,332.5,1200.0
2025-10-01,09:40:47.000,330.58,150.0,330.15,331.0,900.0
2025-10-01,09:40:48.000,330.58,150.0,330.15,331.0,900.0
2025-10-01,09:40:49.000,329.85,150.0,329.4,330.3,525.0
2025-10-01,09:40:50.000,329.92,75.0,329.55,330.3,825.0
2025-10-01,09:40:51.000,329.92,75.0,329.55,330.3,825.0
2025-10-01,09:40:52.000,330.15,300.0,329.75,330.55,750.0
2025-10-01,09:40:53.000,330.15,300.0,329.75,330.55,750.0
2025-10-01,09:40:54.000,329.78,75.0,329.35,330.2,525.0
2025-10-01,09:40:55.000,329.28,450.0,328.8,329.75,900.0
2025-10-01,09:40:56.000,329.28,450.0,328.8,329.75,900.0
2025-10-01,09:40:57.000,329.8,75.0,329.4,330.2,825.0
2025-10-01,09:40:58.000,329.8,75.0,329.4,330.2,825.0
2025-10-01,09:40:59.000,330.02,150.0,329.6,330.45,750.0
2025-10-01,09:41:00.000,329.85,150.0,329.45,330.25,600.0
2025-10-01,09:41:01.000,329.85,150.0,329.45,330.25,600.0
2025-10-01,09:41:02.000,329.02,150.0,328.6,329.45,1050.0
2025-10-01,09:41:03.000,329.02,150.0,328.6,329.45,1050.0
2025-10-01,09:41:04.000,328.05,150.0,327.5,328.6,525.0
2025-10-01,09:41:05.000,327.92,150.0,327.6,328.25,375.0
2025-10-01,09:41:06.000,327.92,150.0,327.6,328.25,375.0
2025-10-01,09:41:07.000,328.15,150.0,327.7,328.6,375.0
2025-10-01,09:41:08.000,328.15,150.0,327.7,328.6,375.0
2025-10-01,09:41:09.000,328.35,150.0,327.95,328.75,600.0
2025-10-01,09:41:10.000,328.12,150.0,327.7,328.55,825.0
2025-10-01,09:41:11.000,328.12,150.0,327.7,328.55,825.0
2025-10-01,09:41:12.000,327.18,150.0,326.8,327.55,450.0
2025-10-01,09:41:13.000,327.18,150.0,326.8,327.55,450.0
2025-10-01,09:41:14.000,326.82,75.0,326.4,327.25,450.0
2025-10-01,09:41:15.000,326.6,150.0,326.2,327.0,225.0
2025-10-01,09:41:16.000,326.6,150.0,326.2,327.0,225.0
2025-10-01,09:41:17.000,326.5,525.0,326.0,327.0,675.0
2025-10-01,09:41:18.000,326.5,525.0,326.0,327.0,675.0
2025-10-01,09:41:19.000,326.85,150.0,326.45,327.25,150.0
2025-10-01,09:41:20.000,326.77,150.0,326.4,327.15,675.0
2025-10-01,09:41:21.000,326.77,150.0,326.4,327.15,675.0
2025-10-01,09:41:22.000,326.82,150.0,326.45,327.2,450.0
2025-10-01,09:41:23.000,326.92,150.0,326.5,327.35,975.0
2025-10-01,09:41:24.000,326.92,150.0,326.5,327.35,975.0
2025-10-01,09:41:25.000,327.38,525.0,326.9,327.85,1125.0
2025-10-01,09:41:26.000,327.38,525.0,326.9,327.85,1125.0
2025-10-01,09:41:27.000,328.1,150.0,327.75,328.45,525.0
2025-10-01,09:41:28.000,327.8,150.0,327.4,328.2,150.0
2025-10-01,09:41:29.000,327.8,150.0,327.4,328.2,150.0
2025-10-01,09:41:30.000,328.05,150.0,327.65,328.45,750.0
2025-10-01,09:41:31.000,328.05,150.0,327.65,328.45,750.0
2025-10-01,09:41:32.000,327.9,150.0,327.55,328.25,150.0
2025-10-01,09:41:33.000,328.52,75.0,328.1,328.95,975.0
2025-10-01,09:41:34.000,328.52,75.0,328.1,328.95,975.0
2025-10-01,09:41:35.000,328.32,150.0,327.95,328.7,75.0
2025-10-01,09:41:36.000,328.32,150.0,327.95,328.7,75.0
2025-10-01,09:41:37.000,328.1,150.0,327.7,328.5,525.0
2025-10-01,09:41:38.000,328.38,75.0,327.95,328.8,1275.0
2025-10-01,09:41:39.000,328.38,75.0,327.95,328.8,1275.0
2025-10-01,09:41:40.000,327.5,150.0,327.05,327.95,525.0
2025-10-01,09:41:41.000,327.5,150.0,327.05,327.95,525.0
2025-10-01,09:41:42.000,327.45,225.0,327.05,327.85,1500.0
2025-10-01,09:41:43.000,327.6,900.0,327.2,328.0,375.0
2025-10-01,09:41:44.000,327.6,900.0,327.2,328.0,375.0
2025-10-01,09:41:45.000,327.95,150.0,327.55,328.35,450.0
2025-10-01,09:41:46.000,327.95,150.0,327.55,328.35,450.0
2025-10-01,09:41:47.000,328.22,150.0,327.8,328.65,1050.0
2025-10-01,09:41:48.000,327.9,150.0,327.7,328.1,75.0
2025-10-01,09:41:49.000,327.9,150.0,327.7,328.1,75.0
2025-10-01,09:41:50.000,328.18,150.0,327.75,328.6,300.0
2025-10-01,09:41:51.000,328.18,150.0,327.75,328.6,300.0
2025-10-01,09:41:52.000,328.0,150.0,327.6,328.4,675.0
2025-10-01,09:41:53.000,327.95,600.0,327.45,328.45,675.0
2025-10-01,09:41:54.000,327.95,600.0,327.45,328.45,675.0
2025-10-01,09:41:55.000,327.72,450.0,327.15,328.3,675.0
2025-10-01,09:41:56.000,327.72,450.0,327.15,328.3,675.0
2025-10-01,09:41:57.000,327.88,150.0,327.5,328.25,150.0
2025-10-01,09:41:58.000,327.27,150.0,326.8,327.75,600.0
2025-10-01,09:41:59.000,327.27,150.0,326.8,327.75,600.0
2025-10-01,09:42:00.000,327.18,150.0,326.75,327.6,450.0
2025-10-01,09:42:01.000,327.18,150.0,326.75,327.6,450.0
2025-10-01,09:42:02.000,327.27,150.0,326.8,327.75,600.0
2025-10-01,09:42:03.000,326.98,150.0,326.5,327.45,675.0
2025-10-01,09:42:04.000,326.98,150.0,326.5,327.45,675.0
2025-10-01,09:42:05.000,327.23,150.0,326.75,327.7,750.0
2025-10-01,09:42:06.000,327.23,150.0,326.75,327.7,750.0
2025-10-01,09:42:07.000,327.0,150.0,326.55,327.45,1125.0
2025-10-01,09:42:08.000,327.15,150.0,326.7,327.6,750.0
2025-10-01,09:42:09.000,327.15,150.0,326.7,327.6,750.0
2025-10-01,09:42:10.000,326.77,150.0,326.35,327.2,975.0
2025-10-01,09:42:11.000,326.77,150.0,326.35,327.2,975.0
2025-10-01,09:42:12.000,327.12,150.0,326.75,327.5,150.0
2025-10-01,09:42:13.000,327.12,150.0,326.75,327.5,150.0
2025-10-01,09:42:14.000,327.0,150.0,326.6,327.4,975.0
2025-10-01,09:42:15.000,327.3,600.0,326.85,327.75,450.0
2025-10-01,09:42:16.000,327.3,600.0,326.85,327.75,450.0
2025-10-01,09:42:17.000,327.18,150.0,326.85,327.5,150.0
2025-10-01,09:42:18.000,327.18,150.0,326.85,327.5,150.0
2025-10-01,09:42:19.000,326.6,150.0,326.25,326.95,450.0
2025-10-01,09:42:20.000,326.38,75.0,326.0,326.75,150.0
2025-10-01,09:42:21.000,326.38,75.0,326.0,326.75,150.0
2025-10-01,09:42:22.000,325.82,75.0,325.4,326.25,600.0
2025-10-01,09:42:23.000,325.82,75.0,325.4,326.25,600.0
2025-10-01,09:42:24.000,325.1,75.0,324.7,325.5,675.0
2025-10-01,09:42:25.000,324.25,75.0,324.0,324.5,450.0
2025-10-01,09:42:26.000,324.25,75.0,324.0,324.5,450.0
2025-10-01,09:42:27.000,324.15,75.0,324.0,324.3,150.0
2025-10-01,09:42:28.000,324.15,75.0,324.0,324.3,150.0
2025-10-01,09:42:29.000,324.48,300.0,324.05,324.9,75.0
2025-10-01,09:42:30.000,324.38,75.0,324.0,324.75,225.0
2025-10-01,09:42:31.000,324.38,75.0,324.0,324.75,225.0
2025-10-01,09:42:32.000,324.38,75.0,324.0,324.75,300.0
2025-10-01,09:42:33.000,324.38,75.0,324.0,324.75,300.0
2025-10-01,09:42:34.000,324.12,75.0,324.0,324.25,150.0
2025-10-01,09:42:35.000,323.92,525.0,323.6,324.25,150.0
2025-10-01,09:42:36.000,323.92,525.0,323.6,324.25,150.0
2025-10-01,09:42:37.000,324.3,150.0,323.9,324.7,750.0
2025-10-01,09:42:38.000,324.3,150.0,323.9,324.7,750.0
2025-10-01,09:42:39.000,324.15,750.0,323.8,324.5,150.0
2025-10-01,09:42:40.000,323.65,75.0,323.3,324.0,150.0
2025-10-01,09:42:41.000,323.65,75.0,323.3,324.0,150.0
2025-10-01,09:42:42.000,323.33,75.0,323.1,323.55,225.0
2025-10-01,09:42:43.000,323.65,75.0,323.3,324.0,375.0
2025-10-01,09:42:44.000,323.65,75.0,323.3,324.0,375.0
2025-10-01,09:42:45.000,323.73,75.0,323.45,324.0,225.0
2025-10-01,09:42:46.000,323.73,75.0,323.45,324.0,225.0
2025-10-01,09:42:47.000,323.23,300.0,322.85,323.6,225.0
2025-10-01,09:42:48.000,323.58,525.0,323.15,324.0,75.0
2025-10-01,09:42:49.000,323.58,525.0,323.15,324.0,75.0
2025-10-01,09:42:50.000,323.7,75.0,323.4,324.0,225.0
2025-10-01,09:42:51.000,323.7,75.0,323.4,324.0,225.0
2025-10-01,09:42:52.000,323.68,300.0,323.35,324.0,225.0
2025-10-01,09:42:53.000,323.6,75.0,323.3,323.9,75.0
2025-10-01,09:42:54.000,323.6,75.0,323.3,323.9,75.0
2025-10-01,09:42:55.000,323.7,75.0,323.4,324.0,150.0
2025-10-01,09:42:56.000,323.7,75.0,323.4,324.0,150.0
2025-10-01,09:42:57.000,323.68,900.0,323.35,324.0,150.0
2025-10-01,09:42:58.000,323.3,1050.0,322.85,323.75,150.0
2025-10-01,09:42:59.000,323.3,1050.0,322.85,323.75,150.0
2025-10-01,09:43:00.000,323.32,1125.0,322.9,323.75,150.0
2025-10-01,09:43:01.000,323.32,1125.0,322.9,323.75,150.0
2025-10-01,09:43:02.000,323.02,225.0,322.8,323.25,150.0
2025-10-01,09:43:03.000,323.15,75.0,322.8,323.5,225.0
2025-10-01,09:43:04.000,323.15,75.0,322.8,323.5,225.0
2025-10-01,09:43:05.000,323.58,75.0,323.15,324.0,2400.0
2025-10-01,09:43:06.000,323.58,75.0,323.15,324.0,2400.0
2025-10-01,09:43:07.000,323.6,75.0,323.25,323.95,675.0
2025-10-01,09:43:08.000,323.4,75.0,323.05,323.75,375.0
2025-10-01,09:43:09.000,323.4,75.0,323.05,323.75,375.0
2025-10-01,09:43:10.000,323.33,525.0,322.85,323.8,300.0
2025-10-01,09:43:11.000,323.33,525.0,322.85,323.8,300.0
2025-10-01,09:43:12.000,323.4,300.0,322.95,323.85,750.0
2025-10-01,09:43:13.000,323.4,825.0,322.95,323.85,750.0
2025-10-01,09:43:14.000,323.4,825.0,322.95,323.85,750.0
2025-10-01,09:43:15.000,323.4,600.0,322.9,323.9,1500.0
2025-10-01,09:43:16.000,323.4,600.0,322.9,323.9,1500.0
2025-10-01,09:43:17.000,323.4,300.0,323.0,323.8,975.0
2025-10-01,09:43:18.000,322.82,75.0,322.4,323.25,750.0
2025-10-01,09:43:19.000,322.82,75.0,322.4,323.25,750.0
2025-10-01,09:43:20.000,322.35,75.0,321.9,322.8,750.0
2025-10-01,09:43:21.000,322.35,75.0,321.9,322.8,750.0
2025-10-01,09:43:22.000,320.88,525.0,320.3,321.45,450.0
2025-10-01,09:43:23.000,321.52,300.0,321.1,321.95,450.0
2025-10-01,09:43:24.000,321.52,300.0,321.1,321.95,450.0
2025-10-01,09:43:25.000,321.25,150.0,320.75,321.75,150.0
2025-10-01,09:43:26.000,321.25,150.0,320.75,321.75,150.0
2025-10-01,09:43:27.000,321.8,1200.0,321.35,322.25,300.0
2025-10-01,09:43:28.000,322.65,75.0,322.05,323.25,75.0
2025-10-01,09:43:29.000,322.65,75.0,322.05,323.25,75.0
2025-10-01,09:43:30.000,322.27,75.0,321.85,322.7,225.0
2025-10-01,09:43:31.000,322.27,75.0,321.85,322.7,225.0
2025-10-01,09:43:32.000,323.18,75.0,322.75,323.6,225.0
2025-10-01,09:43:33.000,323.02,300.0,322.6,323.45,525.0
2025-10-01,09:43:34.000,323.02,300.0,322.6,323.45,525.0
2025-10-01,09:43:35.000,322.88,75.0,322.5,323.25,225.0
2025-10-01,09:43:36.000,322.85,75.0,322.45,323.25,750.0
2025-10-01,09:43:37.000,322.85,75.0,322.45,323.25,750.0
2025-10-01,09:43:38.000,323.4,75.0,323.05,323.75,150.0
2025-10-01,09:43:39.000,323.4,75.0,323.05,323.75,150.0
2025-10-01,09:43:40.000,323.32,450.0,322.9,323.75,225.0
2025-10-01,09:43:41.000,323.52,150.0,323.1,323.95,300.0
2025-10-01,09:43:42.000,323.52,150.0,323.1,323.95,300.0
2025-10-01,09:43:43.000,323.52,150.0,323.1,323.95,900.0
2025-10-01,09:43:44.000,323.52,150.0,323.1,323.95,900.0
2025-10-01,09:43:45.000,322.77,300.0,322.35,323.2,1650.0
2025-10-01,09:43:46.000,322.52,150.0,322.05,323.0,525.0
2025-10-01,09:43:47.000,322.52,150.0,322.05,323.0,525.0
2025-10-01,09:43:48.000,321.82,75.0,321.4,322.25,1275.0
2025-10-01,09:43:49.000,321.82,75.0,321.4,322.25,1275.0
2025-10-01,09:43:50.000,321.73,150.0,321.3,322.15,450.0
2025-10-01,09:43:51.000,321.98,525.0,321.55,322.4,750.0
2025-10-01,09:43:52.000,321.98,525.0,321.55,322.4,750.0
2025-10-01,09:43:53.000,322.15,150.0,321.7,322.6,525.0
2025-10-01,09:43:54.000,322.15,150.0,321.7,322.6,525.0
2025-10-01,09:43:55.000,322.02,525.0,321.55,322.5,1275.0
2025-10-01,09:43:56.000,320.8,375.0,320.35,321.25,675.0
2025-10-01,09:43:57.000,320.8,375.0,320.35,321.25,675.0
2025-10-01,09:43:58.000,319.68,75.0,319.35,320.0,150.0
2025-10-01,09:43:59.000,319.68,75.0,319.35,320.0,150.0
2025-10-01,09:44:00.000,319.77,75.0,319.4,320.15,750.0
2025-10-01,09:44:01.000,320.5,75.0,320.0,321.0,375.0
2025-10-01,09:44:02.000,320.5,75.0,320.0,321.0,375.0
2025-10-01,09:44:03.000,320.27,75.0,319.95,320.6,300.0
2025-10-01,09:44:04.000,320.27,75.0,319.95,320.6,300.0
2025-10-01,09:44:05.000,319.82,75.0,319.45,320.2,1200.0
2025-10-01,09:44:06.000,319.35,75.0,318.95,319.75,750.0
2025-10-01,09:44:07.000,319.35,75.0,318.95,319.75,750.0
2025-10-01,09:44:08.000,319.12,150.0,318.75,319.5,150.0
2025-10-01,09:44:09.000,319.12,150.0,318.75,319.5,150.0
2025-10-01,09:44:10.000,319.2,150.0,318.9,319.5,150.0
2025-10-01,09:44:11.000,319.45,150.0,319.0,319.9,1200.0
2025-10-01,09:44:12.000,319.45,150.0,319.0,319.9,1200.0
2025-10-01,09:44:13.000,319.23,150.0,318.95,319.5,300.0
2025-10-01,09:44:14.000,319.08,150.0,318.65,319.5,375.0
2025-10-01,09:44:15.000,319.08,150.0,318.65,319.5,375.0
2025-10-01,09:44:16.000,318.65,150.0,318.3,319.0,150.0
2025-10-01,09:44:17.000,318.65,150.0,318.3,319.0,150.0
2025-10-01,09:44:18.000,318.05,150.0,317.65,318.45,450.0
2025-10-01,09:44:19.000,317.92,150.0,317.6,318.25,150.0
2025-10-01,09:44:20.000,317.92,150.0,317.6,318.25,150.0
2025-10-01,09:44:21.000,317.9,75.0,317.3,318.5,150.0
2025-10-01,09:44:22.000,317.9,75.0,317.3,318.5,150.0
2025-10-01,09:44:23.000,317.73,375.0,317.25,318.2,450.0
2025-10-01,09:44:24.000,317.85,450.0,317.45,318.25,150.0
2025-10-01,09:44:25.000,317.85,450.0,317.45,318.25,150.0
2025-10-01,09:44:26.000,316.98,150.0,316.65,317.3,300.0
2025-10-01,09:44:27.000,316.98,150.0,316.65,317.3,300.0
2025-10-01,09:44:28.000,316.08,150.0,315.7,316.45,450.0
2025-10-01,09:44:29.000,316.68,150.0,316.25,317.1,300.0
2025-10-01,09:44:30.000,316.68,150.0,316.25,317.1,300.0
2025-10-01,09:44:31.000,316.18,150.0,315.75,316.6,525.0
2025-10-01,09:44:32.000,316.18,150.0,315.75,316.6,525.0
2025-10-01,09:44:33.000,316.88,150.0,316.45,317.3,300.0
2025-10-01,09:44:34.000,317.4,150.0,317.05,317.75,150.0
2025-10-01,09:44:35.000,317.4,150.0,317.05,317.75,150.0
2025-10-01,09:44:36.000,317.05,150.0,316.65,317.45,300.0
2025-10-01,09:44:37.000,317.05,150.0,316.65,317.45,300.0
2025-10-01,09:44:38.000,317.5,150.0,317.05,317.95,375.0
2025-10-01,09:44:39.000,317.65,1125.0,317.3,318.0,75.0
2025-10-01,09:44:40.000,317.65,1125.0,317.3,318.0,75.0
2025-10-01,09:44:41.000,318.0,750.0,317.5,318.5,600.0
2025-10-01,09:44:42.000,318.08,750.0,317.65,318.5,225.0
2025-10-01,09:44:43.000,318.08,750.0,317.65,318.5,225.0
2025-10-01,09:44:44.000,318.05,750.0,317.6,318.5,225.0
2025-10-01,09:44:45.000,318.05,750.0,317.6,318.5,225.0
2025-10-01,09:44:46.000,317.4,450.0,316.9,317.9,450.0
2025-10-01,09:44:47.000,316.45,900.0,315.95,316.95,1425.0
2025-10-01,09:44:48.000,316.45,900.0,315.95,316.95,1425.0
2025-10-01,09:44:49.000,316.45,1125.0,315.95,316.95,1275.0
2025-10-01,09:44:50.000,316.45,1125.0,315.95,316.95,1275.0
2025-10-01,09:44:51.000,316.98,450.0,316.55,317.4,300.0
2025-10-01,09:44:52.000,317.12,300.0,316.6,317.65,600.0
2025-10-01,09:44:53.000,317.12,300.0,316.6,317.65,600.0
2025-10-01,09:44:54.000,317.45,150.0,317.0,317.9,300.0
2025-10-01,09:44:55.000,317.45,150.0,317.0,317.9,300.0
2025-10-01,09:44:56.000,317.48,150.0,316.95,318.0,1050.0
2025-10-01,09:44:57.000,317.62,150.0,317.25,318.0,225.0
2025-10-01,09:44:58.000,317.62,150.0,317.25,318.0,225.0
2025-10-01,09:44:59.000,317.52,150.0,317.1,317.95,300.0
2025-10-01,09:45:00.000,317.52,150.0,317.1,317.95,300.0
2025-10-01,09:45:01.000,318.6,150.0,318.1,319.1,75.0
2025-10-01,09:45:02.000,319.02,450.0,318.6,319.45,300.0
2025-10-01,09:45:03.000,319.02,450.0,318.6,319.45,300.0
