Date,Time,MID_PRICE,BID_SIZE,BID_PRICE,ASK_PRICE,ASK_SIZE
2025-10-01,09:15:00.000,220.4,150.0,212.1,228.7,75.0
2025-10-01,09:15:01.000,216.2,225.0,213.3,219.1,225.0
2025-10-01,09:15:02.000,216.2,225.0,213.3,219.1,225.0
2025-10-01,09:15:03.000,217.7,225.0,216.05,219.35,75.0
2025-10-01,09:15:04.000,216.75,225.0,214.8,218.7,300.0
2025-10-01,09:15:05.000,216.75,225.0,214.8,218.7,300.0
2025-10-01,09:15:06.000,218.85,225.0,218.25,219.45,225.0
2025-10-01,09:15:07.000,219.75,225.0,218.55,220.95,600.0
2025-10-01,09:15:08.000,221.88,225.0,221.05,222.7,225.0
2025-10-01,09:15:09.000,221.88,225.0,221.05,222.7,225.0
2025-10-01,09:15:10.000,223.12,225.0,221.8,224.45,600.0
2025-10-01,09:15:11.000,223.48,75.0,223.0,223.95,150.0
2025-10-01,09:15:12.000,223.5,225.0,222.8,224.2,150.0
2025-10-01,09:15:13.000,223.5,225.0,222.8,224.2,150.0
2025-10-01,09:15:14.000,223.75,225.0,223.5,224.0,150.0
2025-10-01,09:15:15.000,223.78,75.0,223.4,224.15,225.0
2025-10-01,09:15:16.000,224.85,225.0,224.25,225.45,450.0
2025-10-01,09:15:17.000,224.85,225.0,224.25,225.45,450.0
2025-10-01,09:15:18.000,225.58,225.0,225.05,226.1,375.0
2025-10-01,09:15:19.000,225.75,300.0,225.05,226.45,225.0
2025-10-01,09:15:20.000,223.6,150.0,223.05,224.15,75.0
2025-10-01,09:15:21.000,223.6,150.0,223.05,224.15,75.0
2025-10-01,09:15:22.000,224.45,600.0,224.2,224.7,150.0
2025-10-01,09:15:23.000,223.55,375.0,223.3,223.8,75.0
2025-10-01,09:15:24.000,223.55,375.0,223.3,223.8,75.0
2025-10-01,09:15:25.000,222.95,150.0,222.7,223.2,75.0
2025-10-01,09:15:26.000,223.52,75.0,223.15,223.9,375.0
2025-10-01,09:15:27.000,222.08,225.0,221.75,222.4,225.0
2025-10-01,09:15:28.000,222.08,225.0,221.75,222.4,225.0
2025-10-01,09:15:29.000,221.4,75.0,221.1,221.7,300.0
2025-10-01,09:15:30.000,221.18,225.0,220.85,221.5,225.0
2025-10-01,09:15:31.000,221.18,225.0,220.85,221.5,225.0
2025-10-01,09:15:32.000,221.25,150.0,220.9,221.6,375.0
2025-10-01,09:15:33.000,221.6,525.0,221.35,221.85,75.0
2025-10-01,09:15:34.000,221.28,150.0,220.9,221.65,75.0
2025-10-01,09:15:35.000,221.28,150.0,220.9,221.65,75.0
2025-10-01,09:15:36.000,221.65,300.0,221.25,222.05,225.0
2025-10-01,09:15:37.000,220.85,75.0,220.6,221.1,600.0
2025-10-01,09:15:38.000,220.25,150.0,219.9,220.6,75.0
2025-10-01,09:15:39.000,220.25,150.0,219.9,220.6,75.0
2025-10-01,09:15:40.000,220.9,225.0,220.55,221.25,300.0
2025-10-01,09:15:41.000,220.8,225.0,220.35,221.25,300.0
2025-10-01,09:15:42.000,220.8,225.0,220.35,221.25,300.0
2025-10-01,09:15:43.000,219.95,75.0,219.55,220.35,300.0
2025-10-01,09:15:44.000,219.15,75.0,218.95,219.35,450.0
2025-10-01,09:15:45.000,219.65,150.0,219.3,220.0,75.0
2025-10-01,09:15:46.000,219.65,150.0,219.3,220.0,75.0
2025-10-01,09:15:47.000,219.1,600.0,218.7,219.5,375.0
2025-10-01,09:15:48.000,218.85,150.0,218.5,219.2,150.0
2025-10-01,09:15:49.000,218.35,150.0,218.05,218.65,450.0
2025-10-01,09:15:50.000,218.35,150.0,218.05,218.65,450.0
2025-10-01,09:15:51.000,218.15,75.0,217.85,218.45,300.0
2025-10-01,09:15:52.000,218.12,225.0,217.8,218.45,300.0
2025-10-01,09:15:53.000,218.12,225.0,217.8,218.45,300.0
2025-10-01,09:15:54.000,217.68,525.0,217.3,218.05,75.0
2025-10-01,09:15:55.000,217.58,300.0,217.3,217.85,75.0
2025-10-01,09:15:56.000,216.98,300.0,216.55,217.4,225.0
2025-10-01,09:15:57.000,216.98,300.0,216.55,217.4,225.0
2025-10-01,09:15:58.000,217.3,150.0,216.95,217.65,225.0
2025-10-01,09:15:59.000,216.68,225.0,216.3,217.05,225.0
2025-10-01,09:16:00.000,217.25,75.0,216.9,217.6,225.0
2025-10-01,09:16:01.000,217.25,75.0,216.9,217.6,225.0
2025-10-01,09:16:02.000,215.42,150.0,215.05,215.8,75.0
2025-10-01,09:16:03.000,214.55,225.0,214.15,214.95,150.0
2025-10-01,09:16:04.000,215.65,150.0,215.3,216.0,450.0
2025-10-01,09:16:05.000,215.65,150.0,215.3,216.0,450.0
2025-10-01,09:16:06.000,215.9,225.0,215.5,216.3,375.0
2025-10-01,09:16:07.000,216.58,1125.0,216.25,216.9,75.0
2025-10-01,09:16:08.000,216.58,1125.0,216.25,216.9,75.0
2025-10-01,09:16:09.000,217.3,150.0,217.0,217.6,75.0
2025-10-01,09:16:10.000,217.27,75.0,216.85,217.7,75.0
2025-10-01,09:16:11.000,216.6,975.0,216.2,217.0,375.0
2025-10-01,09:16:12.000,216.6,975.0,216.2,217.0,375.0
2025-10-01,09:16:13.000,216.68,75.0,216.3,217.05,225.0
2025-10-01,09:16:14.000,216.65,75.0,216.25,217.05,225.0
2025-10-01,09:16:15.000,217.22,75.0,216.85,217.6,150.0
2025-10-01,09:16:16.000,217.22,75.0,216.85,217.6,150.0
2025-10-01,09:16:17.000,215.95,75.0,215.55,216.35,150.0
2025-10-01,09:16:18.000,215.22,75.0,214.85,215.6,375.0
2025-10-01,09:16:19.000,215.22,75.0,214.85,215.6,375.0
2025-10-01,09:16:20.000,214.8,75.0,214.4,215.2,225.0
2025-10-01,09:16:21.000,214.98,75.0,214.6,215.35,375.0
2025-10-01,09:16:22.000,215.9,225.0,215.55,216.25,675.0
2025-10-01,09:16:23.000,215.9,225.0,215.55,216.25,675.0
2025-10-01,09:16:24.000,215.4,150.0,215.05,215.75,225.0
2025-10-01,09:16:25.000,215.3,450.0,215.0,215.6,375.0
2025-10-01,09:16:26.000,215.35,150.0,215.05,215.65,75.0
2025-10-01,09:16:27.000,215.35,150.0,215.05,215.65,75.0
2025-10-01,09:16:28.000,215.68,150.0,215.35,216.0,75.0
2025-10-01,09:16:29.000,215.3,375.0,215.0,215.6,450.0
2025-10-01,09:16:30.000,215.3,375.0,215.0,215.6,450.0
2025-10-01,09:16:31.000,215.2,75.0,214.9,215.5,525.0
2025-10-01,09:16:32.000,215.78,225.0,215.55,216.0,75.0
2025-10-01,09:16:33.000,215.45,225.0,215.15,215.75,75.0
2025-10-01,09:16:34.000,215.45,225.0,215.15,215.75,75.0
2025-10-01,09:16:35.000,214.7,75.0,214.45,214.95,300.0
2025-10-01,09:16:36.000,214.42,450.0,214.15,214.7,150.0
2025-10-01,09:16:37.000,213.6,75.0,213.3,213.9,150.0
2025-10-01,09:16:38.000,213.6,75.0,213.3,213.9,150.0
2025-10-01,09:16:39.000,212.85,300.0,212.6,213.1,150.0
2025-10-01,09:16:40.000,212.55,75.0,212.3,212.8,75.0
2025-10-01,09:16:41.000,211.55,300.0,211.25,211.85,225.0
2025-10-01,09:16:42.000,211.55,300.0,211.25,211.85,225.0
2025-10-01,09:16:43.000,211.92,225.0,211.6,212.25,150.0
2025-10-01,09:16:44.000,212.82,525.0,212.45,213.2,675.0
2025-10-01,09:16:45.000,212.82,525.0,212.45,213.2,675.0
2025-10-01,09:16:46.000,213.72,75.0,213.5,213.95,75.0
2025-10-01,09:16:47.000,213.15,300.0,212.8,213.5,75.0
2025-10-01,09:16:48.000,213.15,300.0,212.8,213.5,75.0
2025-10-01,09:16:49.000,213.08,150.0,212.75,213.4,225.0
2025-10-01,09:16:50.000,213.42,75.0,213.05,213.8,1200.0
2025-10-01,09:16:51.000,213.85,75.0,213.5,214.2,375.0
2025-10-01,09:16:52.000,213.85,75.0,213.5,214.2,375.0
2025-10-01,09:16:53.000,213.2,225.0,212.9,213.5,375.0
2025-10-01,09:16:54.000,213.75,2025.0,213.4,214.1,75.0
2025-10-01,09:16:55.000,212.92,75.0,212.6,213.25,150.0
2025-10-01,09:16:56.000,212.92,75.0,212.6,213.25,150.0
2025-10-01,09:16:57.000,213.1,900.0,212.8,213.4,150.0
2025-10-01,09:16:58.000,212.8,225.0,212.45,213.15,525.0
2025-10-01,09:16:59.000,212.8,225.0,212.45,213.15,525.0
2025-10-01,09:17:00.000,212.88,225.0,212.5,213.25,525.0
2025-10-01,09:17:01.000,212.62,75.0,212.35,212.9,300.0
2025-10-01,09:17:02.000,212.22,225.0,212.0,212.45,225.0
2025-10-01,09:17:03.000,212.22,225.0,212.0,212.45,225.0
2025-10-01,09:17:04.000,212.2,75.0,212.0,212.4,525.0
2025-10-01,09:17:05.000,212.2,225.0,211.9,212.5,75.0
2025-10-01,09:17:06.000,211.6,75.0,211.3,211.9,150.0
2025-10-01,09:17:07.000,211.6,75.0,211.3,211.9,150.0
2025-10-01,09:17:08.000,211.55,75.0,211.3,211.8,75.0
2025-10-01,09:17:09.000,211.22,300.0,211.0,211.45,150.0
2025-10-01,09:17:10.000,211.22,300.0,211.0,211.45,150.0
2025-10-01,09:17:11.000,210.95,225.0,210.75,211.15,75.0
2025-10-01,09:17:12.000,211.65,300.0,211.3,212.0,150.0
2025-10-01,09:17:13.000,211.73,300.0,211.4,212.05,225.0
2025-10-01,09:17:14.000,211.73,300.0,211.4,212.05,225.0
2025-10-01,09:17:15.000,212.15,75.0,211.85,212.45,375.0
2025-10-01,09:17:16.000,212.5,150.0,212.1,212.9,225.0
2025-10-01,09:17:17.000,212.98,150.0,212.75,213.2,300.0
2025-10-01,09:17:18.000,212.98,150.0,212.75,213.2,300.0
2025-10-01,09:17:19.000,213.1,225.0,212.7,213.5,450.0
2025-10-01,09:17:20.000,213.55,750.0,213.25,213.85,300.0
2025-10-01,09:17:21.000,213.55,750.0,213.25,213.85,300.0
2025-10-01,09:17:22.000,213.8,600.0,213.5,214.1,225.0
2025-10-01,09:17:23.000,214.32,75.0,214.0,214.65,300.0
2025-10-01,09:17:24.000,214.32,75.0,214.0,214.65,300.0
2025-10-01,09:17:25.000,216.25,150.0,215.95,216.55,75.0
2025-10-01,09:17:26.000,215.58,75.0,215.35,215.8,75.0
2025-10-01,09:17:27.000,216.08,375.0,215.75,216.4,75.0
2025-10-01,09:17:28.000,216.08,375.0,215.75,216.4,75.0
2025-10-01,09:17:29.000,216.68,225.0,216.35,217.0,150.0
2025-10-01,09:17:30.000,217.45,75.0,217.1,217.8,225.0
2025-10-01,09:17:31.000,217.45,75.0,217.1,217.8,225.0
2025-10-01,09:17:32.000,217.75,75.0,217.4,218.1,75.0
2025-10-01,09:17:33.000,217.48,75.0,217.2,217.75,150.0
2025-10-01,09:17:34.000,217.08,225.0,216.65,217.5,75.0
2025-10-01,09:17:35.000,217.08,225.0,216.65,217.5,75.0
2025-10-01,09:17:36.000,216.78,300.0,216.4,217.15,225.0
2025-10-01,09:17:37.000,217.12,600.0,216.8,217.45,375.0
2025-10-01,09:17:38.000,217.12,600.0,216.8,217.45,375.0
2025-10-01,09:17:39.000,218.65,300.0,218.25,219.05,375.0
2025-10-01,09:17:40.000,218.62,75.0,218.3,218.95,75.0
2025-10-01,09:17:41.000,218.7,225.0,218.4,219.0,825.0
2025-10-01,09:17:42.000,218.7,225.0,218.4,219.0,825.0
2025-10-01,09:17:43.000,218.42,525.0,218.25,218.6,75.0
2025-10-01,09:17:44.000,218.73,525.0,218.4,219.05,450.0
2025-10-01,09:17:45.000,218.73,525.0,218.4,219.05,450.0
2025-10-01,09:17:46.000,218.32,750.0,218.05,218.6,225.0
2025-10-01,09:17:47.000,217.4,75.0,217.1,217.7,150.0
2025-10-01,09:17:48.000,216.45,375.0,216.15,216.75,75.0
2025-10-01,09:17:49.000,216.45,375.0,216.15,216.75,75.0
2025-10-01,09:17:50.000,216.75,75.0,216.5,217.0,75.0
2025-10-01,09:17:51.000,216.58,375.0,216.3,216.85,225.0
2025-10-01,09:17:52.000,216.58,375.0,216.3,216.85,225.0
2025-10-01,09:17:53.000,217.52,150.0,217.25,217.8,150.0
2025-10-01,09:17:54.000,218.48,75.0,218.2,218.75,75.0
2025-10-01,09:17:55.000,218.73,300.0,218.4,219.05,75.0
2025-10-01,09:17:56.000,218.73,300.0,218.4,219.05,75.0
2025-10-01,09:17:57.000,218.52,300.0,218.25,218.8,75.0
2025-10-01,09:17:58.000,219.22,75.0,218.95,219.5,75.0
2025-10-01,09:17:59.000,220.35,375.0,220.0,220.7,300.0
2025-10-01,09:18:00.000,220.35,375.0,220.0,220.7,300.0
2025-10-01,09:18:01.000,220.48,525.0,220.2,220.75,75.0
2025-10-01,09:18:02.000,219.82,825.0,219.5,220.15,75.0
2025-10-01,09:18:03.000,219.82,825.0,219.5,220.15,75.0
2025-10-01,09:18:04.000,218.28,450.0,218.0,218.55,300.0
2025-10-01,09:18:05.000,218.0,300.0,217.75,218.25,150.0
2025-10-01,09:18:06.000,218.75,750.0,218.45,219.05,75.0
2025-10-01,09:18:07.000,218.75,750.0,218.45,219.05,75.0
2025-10-01,09:18:08.000,218.27,600.0,217.95,218.6,150.0
2025-10-01,09:18:09.000,218.08,525.0,217.8,218.35,75.0
2025-10-01,09:18:10.000,218.08,525.0,217.8,218.35,75.0
2025-10-01,09:18:11.000,218.35,525.0,217.95,218.75,300.0
2025-10-01,09:18:12.000,218.52,225.0,218.25,218.8,375.0
2025-10-01,09:18:13.000,218.52,225.0,218.25,218.8,375.0
2025-10-01,09:18:14.000,218.38,75.0,218.1,218.65,375.0
2025-10-01,09:18:15.000,218.52,675.0,218.25,218.8,75.0
2025-10-01,09:18:16.000,218.78,300.0,218.5,219.05,375.0
2025-10-01,09:18:17.000,218.78,300.0,218.5,219.05,375.0
2025-10-01,09:18:18.000,218.7,75.0,218.45,218.95,75.0
2025-10-01,09:18:19.000,219.1,600.0,218.8,219.4,150.0
2025-10-01,09:18:20.000,219.1,600.0,218.8,219.4,150.0
2025-10-01,09:18:21.000,217.9,225.0,217.75,218.05,225.0
2025-10-01,09:18:22.000,217.78,225.0,217.5,218.05,300.0
2025-10-01,09:18:23.000,217.85,75.0,217.55,218.15,75.0
2025-10-01,09:18:24.000,217.85,75.0,217.55,218.15,75.0
2025-10-01,09:18:25.000,217.5,150.0,217.25,217.75,375.0
2025-10-01,09:18:26.000,218.05,150.0,217.75,218.35,225.0
2025-10-01,09:18:27.000,218.05,150.0,217.75,218.35,225.0
2025-10-01,09:18:28.000,217.3,225.0,217.0,217.6,375.0
2025-10-01,09:18:29.000,216.98,150.0,216.75,217.2,75.0
2025-10-01,09:18:30.000,216.98,150.0,216.75,217.2,75.0
2025-10-01,09:18:31.000,216.78,525.0,216.55,217.0,150.0
2025-10-01,09:18:32.000,215.75,150.0,215.5,216.0,75.0
2025-10-01,09:18:33.000,216.08,150.0,215.75,216.4,75.0
2025-10-01,09:18:34.000,216.08,150.0,215.75,216.4,75.0
2025-10-01,09:18:35.000,216.75,525.0,216.4,217.1,600.0
2025-10-01,09:18:36.000,216.85,150.0,216.55,217.15,375.0
2025-10-01,09:18:37.000,216.85,150.0,216.55,217.15,375.0
2025-10-01,09:18:38.000,216.6,225.0,216.25,216.95,375.0
2025-10-01,09:18:39.000,217.2,450.0,216.8,217.6,300.0
2025-10-01,09:18:40.000,217.2,450.0,216.8,217.6,300.0
2025-10-01,09:18:41.000,217.4,150.0,217.0,217.8,375.0
2025-10-01,09:18:42.000,217.68,75.0,217.3,218.05,225.0
2025-10-01,09:18:43.000,218.0,300.0,217.55,218.45,225.0
2025-10-01,09:18:44.000,218.0,300.0,217.55,218.45,225.0
2025-10-01,09:18:45.000,217.92,375.0,217.55,218.3,450.0
2025-10-01,09:18:46.000,217.92,375.0,217.55,218.3,450.0
2025-10-01,09:18:47.000,217.18,150.0,216.85,217.5,150.0
2025-10-01,09:18:48.000,216.65,75.0,216.35,216.95,375.0
2025-10-01,09:18:49.000,216.65,75.0,216.35,216.95,375.0
2025-10-01,09:18:50.000,216.58,375.0,216.25,216.9,375.0
2025-10-01,09:18:51.000,216.58,375.0,216.25,216.9,375.0
2025-10-01,09:18:52.000,216.8,75.0,216.55,217.05,375.0
2025-10-01,09:18:53.000,216.1,225.0,215.9,216.3,675.0
2025-10-01,09:18:54.000,216.1,225.0,215.9,216.3,675.0
2025-10-01,09:18:55.000,216.05,150.0,215.7,216.4,300.0
2025-10-01,09:18:56.000,216.05,150.0,215.7,216.4,300.0
2025-10-01,09:18:57.000,216.55,75.0,216.1,217.0,450.0
2025-10-01,09:18:58.000,215.62,75.0,215.35,215.9,300.0
2025-10-01,09:18:59.000,215.62,75.0,215.35,215.9,300.0
2025-10-01,09:19:00.000,215.58,75.0,215.25,215.9,225.0
2025-10-01,09:19:01.000,215.58,75.0,215.25,215.9,225.0
2025-10-01,09:19:02.000,214.75,75.0,214.45,215.05,450.0
2025-10-01,09:19:03.000,215.12,75.0,214.9,215.35,75.0
2025-10-01,09:19:04.000,215.12,75.0,214.9,215.35,75.0
2025-10-01,09:19:05.000,214.4,75.0,214.1,214.7,750.0
2025-10-01,09:19:06.000,214.4,75.0,214.1,214.7,750.0
2025-10-01,09:19:07.000,214.82,75.0,214.55,215.1,375.0
2025-10-01,09:19:08.000,214.92,75.0,214.65,215.2,225.0
2025-10-01,09:19:09.000,214.92,75.0,214.65,215.2,225.0
2025-10-01,09:19:10.000,215.05,75.0,214.8,215.3,450.0
2025-10-01,09:19:11.000,215.05,75.0,214.8,215.3,450.0
2025-10-01,09:19:12.000,214.18,75.0,213.9,214.45,375.0
2025-10-01,09:19:13.000,214.35,75.0,214.05,214.65,225.0
2025-10-01,09:19:14.000,214.35,75.0,214.05,214.65,225.0
2025-10-01,09:19:15.000,214.02,75.0,213.75,214.3,225.0
2025-10-01,09:19:16.000,214.02,75.0,213.75,214.3,225.0
2025-10-01,09:19:17.000,215.1,75.0,214.6,215.6,150.0
2025-10-01,09:19:18.000,213.6,1800.0,213.3,213.9,375.0
2025-10-01,09:19:19.000,213.6,1800.0,213.3,213.9,375.0
2025-10-01,09:19:20.000,212.92,150.0,212.75,213.1,75.0
2025-10-01,09:19:21.000,212.92,150.0,212.75,213.1,75.0
2025-10-01,09:19:22.000,212.88,150.0,212.6,213.15,75.0
2025-10-01,09:19:23.000,213.02,75.0,212.7,213.35,225.0
2025-10-01,09:19:24.000,213.02,75.0,212.7,213.35,225.0
2025-10-01,09:19:25.000,213.52,300.0,213.05,214.0,150.0
2025-10-01,09:19:26.000,213.52,300.0,213.05,214.0,150.0
2025-10-01,09:19:27.000,214.73,225.0,214.3,215.15,375.0
2025-10-01,09:19:28.000,215.2,525.0,214.85,215.55,150.0
2025-10-01,09:19:29.000,215.2,525.0,214.85,215.55,150.0
2025-10-01,09:19:30.000,216.23,300.0,215.8,216.65,75.0
2025-10-01,09:19:31.000,216.23,300.0,215.8,216.65,75.0
2025-10-01,09:19:32.000,215.45,300.0,215.15,215.75,450.0
2025-10-01,09:19:33.000,215.42,75.0,215.15,215.7,675.0
2025-10-01,09:19:34.000,215.42,75.0,215.15,215.7,675.0
2025-10-01,09:19:35.000,214.9,300.0,214.6,215.2,150.0
2025-10-01,09:19:36.000,214.9,300.0,214.6,215.2,150.0
2025-10-01,09:19:37.000,215.22,150.0,215.0,215.45,300.0
2025-10-01,09:19:38.000,215.22,150.0,215.0,215.45,300.0
2025-10-01,09:19:39.000,215.62,75.0,215.3,215.95,75.0
2025-10-01,09:19:40.000,216.05,450.0,215.65,216.45,150.0
2025-10-01,09:19:41.000,216.05,450.0,215.65,216.45,150.0
2025-10-01,09:19:42.000,216.32,300.0,216.0,216.65,600.0
2025-10-01,09:19:43.000,216.32,300.0,216.0,216.65,600.0
2025-10-01,09:19:44.000,215.92,150.0,215.6,216.25,675.0
2025-10-01,09:19:45.000,217.1,300.0,216.8,217.4,75.0
2025-10-01,09:19:46.000,217.1,300.0,216.8,217.4,75.0
2025-10-01,09:19:47.000,215.68,300.0,215.4,215.95,225.0
2025-10-01,09:19:48.000,215.68,300.0,215.4,215.95,225.0
2025-10-01,09:19:49.000,214.65,75.0,214.4,214.9,225.0
2025-10-01,09:19:50.000,214.92,75.0,214.65,215.2,75.0
2025-10-01,09:19:51.000,214.92,75.0,214.65,215.2,75.0
2025-10-01,09:19:52.000,214.3,225.0,214.05,214.55,450.0
2025-10-01,09:19:53.000,214.3,225.0,214.05,214.55,450.0
2025-10-01,09:19:54.000,213.78,375.0,213.5,214.05,750.0
2025-10-01,09:19:55.000,214.0,150.0,213.75,214.25,75.0
2025-10-01,09:19:56.000,214.0,150.0,213.75,214.25,75.0
2025-10-01,09:19:57.000,213.05,225.0,212.75,213.35,300.0
2025-10-01,09:19:58.000,213.05,225.0,212.75,213.35,300.0
2025-10-01,09:19:59.000,212.55,825.0,212.3,212.8,75.0
2025-10-01,09:20:00.000,212.0,75.0,211.8,212.2,75.0
2025-10-01,09:20:01.000,212.0,75.0,211.8,212.2,75.0
2025-10-01,09:20:02.000,211.68,300.0,211.35,212.0,150.0
2025-10-01,09:20:03.000,211.68,300.0,211.35,212.0,150.0
2025-10-01,09:20:04.000,211.25,150.0,211.0,211.5,75.0
2025-10-01,09:20:05.000,211.62,75.0,211.3,211.95,75.0
2025-10-01,09:20:06.000,211.62,75.0,211.3,211.95,75.0
2025-10-01,09:20:07.000,211.35,300.0,211.0,211.7,300.0
2025-10-01,09:20:08.000,211.35,300.0,211.0,211.7,300.0
2025-10-01,09:20:09.000,211.38,600.0,211.05,211.7,150.0
2025-10-01,09:20:10.000,211.1,300.0,210.8,211.4,75.0
2025-10-01,09:20:11.000,211.1,300.0,210.8,211.4,75.0
2025-10-01,09:20:12.000,210.42,75.0,210.2,210.65,225.0
2025-10-01,09:20:13.000,210.42,75.0,210.2,210.65,225.0
2025-10-01,09:20:14.000,210.23,75.0,210.05,210.4,75.0
2025-10-01,09:20:15.000,209.68,150.0,209.4,209.95,150.0
2025-10-01,09:20:16.000,209.68,150.0,209.4,209.95,150.0
2025-10-01,09:20:17.000,210.08,225.0,209.75,210.4,150.0
2025-10-01,09:20:18.000,210.08,225.0,209.75,210.4,150.0
2025-10-01,09:20:19.000,210.08,75.0,209.8,210.35,375.0
2025-10-01,09:20:20.000,208.38,225.0,208.1,208.65,225.0
2025-10-01,09:20:21.000,208.38,225.0,208.1,208.65,225.0
2025-10-01,09:20:22.000,209.77,300.0,209.45,210.1,300.0
2025-10-01,09:20:23.000,209.45,150.0,209.25,209.65,75.0
2025-10-01,09:20:24.000,209.45,150.0,209.25,209.65,75.0
2025-10-01,09:20:25.000,208.7,75.0,208.35,209.05,375.0
2025-10-01,09:20:26.000,208.7,75.0,208.35,209.05,375.0
2025-10-01,09:20:27.000,209.12,75.0,208.85,209.4,300.0
2025-10-01,09:20:28.000,209.1,225.0,208.75,209.45,225.0
2025-10-01,09:20:29.000,209.1,225.0,208.75,209.45,225.0
2025-10-01,09:20:30.000,209.52,75.0,209.2,209.85,225.0
2025-10-01,09:20:31.000,209.52,75.0,209.2,209.85,225.0
2025-10-01,09:20:32.000,210.1,75.0,209.85,210.35,225.0
2025-10-01,09:20:33.000,211.3,300.0,211.05,211.55,75.0
2025-10-01,09:20:34.000,211.3,300.0,211.05,211.55,75.0
2025-10-01,09:20:35.000,211.05,375.0,210.8,211.3,75.0
2025-10-01,09:20:36.000,211.05,375.0,210.8,211.3,75.0
2025-10-01,09:20:37.000,210.75,150.0,210.5,211.0,450.0
2025-10-01,09:20:38.000,210.0,450.0,209.75,210.25,225.0
2025-10-01,09:20:39.000,210.0,450.0,209.75,210.25,225.0
2025-10-01,09:20:40.000,209.92,225.0,209.75,210.1,75.0
2025-10-01,09:20:41.000,209.92,225.0,209.75,210.1,75.0
2025-10-01,09:20:42.000,211.05,825.0,210.65,211.45,825.0
2025-10-01,09:20:43.000,212.12,300.0,211.8,212.45,375.0
2025-10-01,09:20:44.000,212.12,300.0,211.8,212.45,375.0
2025-10-01,09:20:45.000,211.08,150.0,210.85,211.3,75.0
2025-10-01,09:20:46.000,210.55,450.0,210.25,210.85,525.0
2025-10-01,09:20:47.000,210.55,450.0,210.25,210.85,525.0
2025-10-01,09:20:48.000,210.78,225.0,210.5,211.05,450.0
2025-10-01,09:20:49.000,210.78,225.0,210.5,211.05,450.0
2025-10-01,09:20:50.000,211.92,300.0,211.65,212.2,375.0
2025-10-01,09:20:51.000,211.25,150.0,211.0,211.5,450.0
2025-10-01,09:20:52.000,211.25,150.0,211.0,211.5,450.0
2025-10-01,09:20:53.000,211.85,225.0,211.55,212.15,225.0
2025-10-01,09:20:54.000,211.85,225.0,211.55,212.15,225.0
2025-10-01,09:20:55.000,213.05,450.0,212.7,213.4,675.0
2025-10-01,09:20:56.000,214.38,75.0,214.1,214.65,225.0
2025-10-01,09:20:57.000,214.38,75.0,214.1,214.65,225.0
2025-10-01,09:20:58.000,213.77,225.0,213.45,214.1,450.0
2025-10-01,09:20:59.000,213.77,225.0,213.45,214.1,450.0
2025-10-01,09:21:00.000,214.85,450.0,214.55,215.15,375.0
2025-10-01,09:21:01.000,213.92,300.0,213.65,214.2,150.0
2025-10-01,09:21:02.000,213.92,300.0,213.65,214.2,150.0
2025-10-01,09:21:03.000,213.32,525.0,213.05,213.6,375.0
2025-10-01,09:21:04.000,213.32,525.0,213.05,213.6,375.0
2025-10-01,09:21:05.000,212.48,225.0,212.15,212.8,600.0
2025-10-01,09:21:06.000,213.02,150.0,212.75,213.3,150.0
2025-10-01,09:21:07.000,213.02,150.0,212.75,213.3,150.0
2025-10-01,09:21:08.000,213.35,150.0,213.05,213.65,150.0
2025-10-01,09:21:09.000,213.58,75.0,213.3,213.85,300.0
2025-10-01,09:21:10.000,213.58,75.0,213.3,213.85,300.0
2025-10-01,09:21:11.000,214.0,150.0,213.7,214.3,225.0
2025-10-01,09:21:12.000,214.0,150.0,213.7,214.3,225.0
2025-10-01,09:21:13.000,213.62,300.0,213.35,213.9,600.0
2025-10-01,09:21:14.000,214.35,225.0,213.95,214.75,450.0
2025-10-01,09:21:15.000,214.35,225.0,213.95,214.75,450.0
2025-10-01,09:21:16.000,215.18,900.0,214.8,215.55,600.0
2025-10-01,09:21:17.000,215.18,900.0,214.8,215.55,600.0
2025-10-01,09:21:18.000,215.32,300.0,214.95,215.7,600.0
2025-10-01,09:21:19.000,214.75,225.0,214.5,215.0,450.0
2025-10-01,09:21:20.000,214.75,225.0,214.5,215.0,450.0
2025-10-01,09:21:21.000,215.32,150.0,215.0,215.65,300.0
2025-10-01,09:21:22.000,215.32,150.0,215.0,215.65,300.0
2025-10-01,09:21:23.000,213.58,375.0,213.3,213.85,225.0
2025-10-01,09:21:24.000,213.32,75.0,213.05,213.6,225.0
2025-10-01,09:21:25.000,213.32,75.0,213.05,213.6,225.0
2025-10-01,09:21:26.000,212.3,225.0,212.05,212.55,75.0
2025-10-01,09:21:27.000,212.3,225.0,212.05,212.55,75.0
2025-10-01,09:21:28.000,212.28,75.0,212.0,212.55,225.0
2025-10-01,09:21:29.000,212.0,150.0,211.75,212.25,75.0
2025-10-01,09:21:30.000,212.0,150.0,211.75,212.25,75.0
2025-10-01,09:21:31.000,212.38,75.0,212.15,212.6,600.0
2025-10-01,09:21:32.000,212.38,75.0,212.15,212.6,600.0
2025-10-01,09:21:33.000,212.48,150.0,212.2,212.75,525.0
2025-10-01,09:21:34.000,212.95,75.0,212.65,213.25,300.0
2025-10-01,09:21:35.000,212.95,75.0,212.65,213.25,300.0
2025-10-01,09:21:36.000,212.9,225.0,212.55,213.25,450.0
2025-10-01,09:21:37.000,212.9,225.0,212.55,213.25,450.0
2025-10-01,09:21:38.000,213.2,150.0,213.0,213.4,225.0
2025-10-01,09:21:39.000,214.3,150.0,214.0,214.6,375.0
2025-10-01,09:21:40.000,214.3,150.0,214.0,214.6,375.0
2025-10-01,09:21:41.000,213.32,150.0,213.05,213.6,150.0
2025-10-01,09:21:42.000,213.32,150.0,213.05,213.6,150.0
2025-10-01,09:21:43.000,213.9,75.0,213.7,214.1,75.0
2025-10-01,09:21:44.000,213.9,75.0,213.7,214.1,75.0
2025-10-01,09:21:45.000,213.75,150.0,213.5,214.0,150.0
2025-10-01,09:21:46.000,212.9,225.0,212.65,213.15,75.0
2025-10-01,09:21:47.000,212.9,225.0,212.65,213.15,75.0
2025-10-01,09:21:48.000,213.68,150.0,213.35,214.0,450.0
2025-10-01,09:21:49.000,213.68,150.0,213.35,214.0,450.0
2025-10-01,09:21:50.000,213.68,375.0,213.4,213.95,75.0
2025-10-01,09:21:51.000,213.68,150.0,213.4,213.95,75.0
2025-10-01,09:21:52.000,213.68,150.0,213.4,213.95,75.0
2025-10-01,09:21:53.000,213.5,150.0,213.25,213.75,225.0
2025-10-01,09:21:54.000,213.5,150.0,213.25,213.75,225.0
2025-10-01,09:21:55.000,213.62,75.0,213.3,213.95,600.0
2025-10-01,09:21:56.000,214.35,75.0,214.0,214.7,150.0
2025-10-01,09:21:57.000,214.35,75.0,214.0,214.7,150.0
2025-10-01,09:21:58.000,214.98,75.0,214.6,215.35,75.0
2025-10-01,09:21:59.000,214.98,75.0,214.6,215.35,75.0
2025-10-01,09:22:00.000,214.82,375.0,214.45,215.2,150.0
2025-10-01,09:22:01.000,216.18,75.0,215.85,216.5,225.0
2025-10-01,09:22:02.000,216.18,75.0,215.85,216.5,225.0
2025-10-01,09:22:03.000,214.92,150.0,214.6,215.25,375.0
2025-10-01,09:22:04.000,214.92,150.0,214.6,215.25,375.0
2025-10-01,09:22:05.000,216.32,375.0,215.95,216.7,525.0
2025-10-01,09:22:06.000,216.28,525.0,216.05,216.5,75.0
2025-10-01,09:22:07.000,216.28,525.0,216.05,216.5,75.0
2025-10-01,09:22:08.000,216.02,225.0,215.75,216.3,150.0
2025-10-01,09:22:09.000,216.02,225.0,215.75,216.3,150.0
2025-10-01,09:22:10.000,216.02,150.0,215.8,216.25,225.0
2025-10-01,09:22:11.000,215.12,675.0,214.8,215.45,525.0
2025-10-01,09:22:12.000,215.12,675.0,214.8,215.45,525.0
2025-10-01,09:22:13.000,215.65,225.0,215.5,215.8,75.0
2025-10-01,09:22:14.000,215.65,225.0,215.5,215.8,75.0
2025-10-01,09:22:15.000,215.9,675.0,215.6,216.2,525.0
2025-10-01,09:22:16.000,216.45,525.0,216.2,216.7,75.0
2025-10-01,09:22:17.000,216.45,525.0,216.2,216.7,75.0
2025-10-01,09:22:18.000,216.25,450.0,215.95,216.55,225.0
2025-10-01,09:22:19.000,216.25,450.0,215.95,216.55,225.0
2025-10-01,09:22:20.000,215.98,75.0,215.65,216.3,675.0
2025-10-01,09:22:21.000,216.58,225.0,216.25,216.9,225.0
2025-10-01,09:22:22.000,216.58,225.0,216.25,216.9,225.0
2025-10-01,09:22:23.000,216.23,750.0,215.9,216.55,375.0
2025-10-01,09:22:24.000,216.23,750.0,215.9,216.55,375.0
2025-10-01,09:22:25.000,216.7,225.0,216.4,217.0,150.0
2025-10-01,09:22:26.000,216.38,900.0,216.05,216.7,525.0
2025-10-01,09:22:27.000,216.38,900.0,216.05,216.7,525.0
2025-10-01,09:22:28.000,216.48,525.0,216.1,216.85,900.0
2025-10-01,09:22:29.000,216.48,525.0,216.1,216.85,900.0
2025-10-01,09:22:30.000,215.65,375.0,215.35,215.95,75.0
2025-10-01,09:22:31.000,215.58,600.0,215.35,215.8,150.0
2025-10-01,09:22:32.000,215.58,600.0,215.35,215.8,150.0
2025-10-01,09:22:33.000,215.4,300.0,215.1,215.7,600.0
2025-10-01,09:22:34.000,214.88,600.0,214.55,215.2,225.0
2025-10-01,09:22:35.000,214.88,600.0,214.55,215.2,225.0
2025-10-01,09:22:36.000,215.0,150.0,214.65,215.35,675.0
2025-10-01,09:22:37.000,215.0,150.0,214.65,215.35,675.0
2025-10-01,09:22:38.000,214.7,75.0,214.4,215.0,75.0
2025-10-01,09:22:39.000,215.02,75.0,214.7,215.35,525.0
2025-10-01,09:22:40.000,215.02,75.0,214.7,215.35,525.0
2025-10-01,09:22:41.000,215.1,450.0,214.75,215.45,600.0
2025-10-01,09:22:42.000,215.1,450.0,214.75,215.45,600.0
2025-10-01,09:22:43.000,215.32,150.0,215.0,215.65,675.0
2025-10-01,09:22:44.000,215.27,225.0,214.95,215.6,525.0
2025-10-01,09:22:45.000,215.27,225.0,214.95,215.6,525.0
2025-10-01,09:22:46.000,215.15,75.0,214.85,215.45,225.0
2025-10-01,09:22:47.000,215.15,75.0,214.85,215.45,225.0
2025-10-01,09:22:48.000,215.82,525.0,215.5,216.15,375.0
2025-10-01,09:22:49.000,215.52,150.0,215.2,215.85,525.0
2025-10-01,09:22:50.000,215.52,150.0,215.2,215.85,525.0
2025-10-01,09:22:51.000,215.5,225.0,215.2,215.8,450.0
2025-10-01,09:22:52.000,215.5,225.0,215.2,215.8,450.0
2025-10-01,09:22:53.000,215.0,225.0,214.7,215.3,525.0
2025-10-01,09:22:54.000,214.82,75.0,214.55,215.1,375.0
2025-10-01,09:22:55.000,214.82,75.0,214.55,215.1,375.0
2025-10-01,09:22:56.000,214.42,225.0,214.15,214.7,75.0
2025-10-01,09:22:57.000,214.42,225.0,214.15,214.7,75.0
2025-10-01,09:22:58.000,213.78,150.0,213.4,214.15,525.0
2025-10-01,09:22:59.000,213.88,450.0,213.6,214.15,75.0
2025-10-01,09:23:00.000,213.88,450.0,213.6,214.15,75.0
2025-10-01,09:23:01.000,213.9,375.0,213.6,214.2,375.0
2025-10-01,09:23:02.000,213.9,375.0,213.6,214.2,375.0
2025-10-01,09:23:03.000,213.48,450.0,213.2,213.75,75.0
2025-10-01,09:23:04.000,213.35,300.0,213.05,213.65,600.0
2025-10-01,09:23:05.000,213.35,300.0,213.05,213.65,600.0
2025-10-01,09:23:06.000,213.7,225.0,213.45,213.95,75.0
2025-10-01,09:23:07.000,213.7,225.0,213.45,213.95,75.0
2025-10-01,09:23:08.000,214.3,300.0,213.95,214.65,300.0
2025-10-01,09:23:09.000,213.6,525.0,213.3,213.9,225.0
2025-10-01,09:23:10.000,213.6,525.0,213.3,213.9,225.0
2025-10-01,09:23:11.000,213.68,675.0,213.45,213.9,75.0
2025-10-01,09:23:12.000,213.68,675.0,213.45,213.9,75.0
2025-10-01,09:23:13.000,214.45,450.0,214.1,214.8,225.0
2025-10-01,09:23:14.000,214.75,150.0,214.5,215.0,225.0
2025-10-01,09:23:15.000,214.75,150.0,214.5,215.0,225.0
2025-10-01,09:23:16.000,215.5,300.0,215.2,215.8,225.0
2025-10-01,09:23:17.000,215.5,300.0,215.2,215.8,225.0
2025-10-01,09:23:18.000,216.45,825.0,216.05,216.85,450.0
2025-10-01,09:23:19.000,216.12,525.0,215.8,216.45,375.0
2025-10-01,09:23:20.000,216.12,525.0,215.8,216.45,375.0
2025-10-01,09:23:21.000,216.18,300.0,215.85,216.5,225.0
2025-10-01,09:23:22.000,216.18,300.0,215.85,216.5,225.0
2025-10-01,09:23:23.000,215.6,150.0,215.5,215.7,75.0
2025-10-01,09:23:24.000,215.48,75.0,215.3,215.65,75.0
2025-10-01,09:23:25.000,215.48,75.0,215.3,215.65,75.0
2025-10-01,09:23:26.000,214.62,525.0,214.3,214.95,600.0
2025-10-01,09:23:27.000,214.62,525.0,214.3,214.95,600.0
2025-10-01,09:23:28.000,214.15,300.0,213.85,214.45,300.0
2025-10-01,09:23:29.000,214.25,225.0,213.9,214.6,375.0
2025-10-01,09:23:30.000,214.25,225.0,213.9,214.6,375.0
2025-10-01,09:23:31.000,214.95,150.0,214.55,215.35,150.0
2025-10-01,09:23:32.000,214.95,150.0,214.55,215.35,150.0
2025-10-01,09:23:33.000,215.1,225.0,214.75,215.45,525.0
2025-10-01,09:23:34.000,215.12,225.0,214.85,215.4,75.0
2025-10-01,09:23:35.000,215.12,225.0,214.85,215.4,75.0
2025-10-01,09:23:36.000,215.05,225.0,214.75,215.35,450.0
2025-10-01,09:23:37.000,215.05,225.0,214.75,215.35,450.0
2025-10-01,09:23:38.000,213.6,225.0,213.25,213.95,150.0
2025-10-01,09:23:39.000,213.35,300.0,213.05,213.65,225.0
2025-10-01,09:23:40.000,213.35,300.0,213.05,213.65,225.0
2025-10-01,09:23:41.000,214.45,150.0,213.95,214.95,225.0
2025-10-01,09:23:42.000,214.45,150.0,213.95,214.95,225.0
2025-10-01,09:23:43.000,214.35,150.0,214.0,214.7,525.0
2025-10-01,09:23:44.000,214.2,75.0,213.9,214.5,75.0
2025-10-01,09:23:45.000,214.2,75.0,213.9,214.5,75.0
2025-10-01,09:23:46.000,214.32,225.0,214.0,214.65,375.0
2025-10-01,09:23:47.000,214.32,225.0,214.0,214.65,375.0
2025-10-01,09:23:48.000,214.35,75.0,214.0,214.7,675.0
2025-10-01,09:23:49.000,214.85,75.0,214.6,215.1,75.0
2025-10-01,09:23:50.000,214.85,75.0,214.6,215.1,75.0
2025-10-01,09:23:51.000,214.92,75.0,214.6,215.25,525.0
2025-10-01,09:23:52.000,214.92,75.0,214.6,215.25,525.0
2025-10-01,09:23:53.000,216.0,225.0,215.85,216.15,75.0
2025-10-01,09:23:54.000,216.88,300.0,216.5,217.25,225.0
2025-10-01,09:23:55.000,216.88,300.0,216.5,217.25,225.0
2025-10-01,09:23:56.000,217.3,750.0,216.95,217.65,375.0
2025-10-01,09:23:57.000,217.3,750.0,216.95,217.65,375.0
2025-10-01,09:23:58.000,216.62,300.0,216.3,216.95,300.0
2025-10-01,09:23:59.000,217.0,375.0,216.65,217.35,600.0
2025-10-01,09:24:00.000,217.0,375.0,216.65,217.35,600.0
2025-10-01,09:24:01.000,216.78,150.0,216.5,217.05,450.0
2025-10-01,09:24:02.000,216.78,150.0,216.5,217.05,450.0
2025-10-01,09:24:03.000,217.58,525.0,217.3,217.85,75.0
2025-10-01,09:24:04.000,217.15,600.0,216.8,217.5,150.0
2025-10-01,09:24:05.000,217.15,600.0,216.8,217.5,150.0
2025-10-01,09:24:06.000,217.28,375.0,217.0,217.55,75.0
2025-10-01,09:24:07.000,217.28,375.0,217.0,217.55,75.0
2025-10-01,09:24:08.000,217.45,675.0,217.05,217.85,600.0
2025-10-01,09:24:09.000,217.3,600.0,217.05,217.55,75.0
2025-10-01,09:24:10.000,217.3,600.0,217.05,217.55,75.0
2025-10-01,09:24:11.000,217.52,75.0,217.25,217.8,75.0
2025-10-01,09:24:12.000,217.52,75.0,217.25,217.8,75.0
2025-10-01,09:24:13.000,217.35,75.0,217.05,217.65,1050.0
2025-10-01,09:24:14.000,217.28,300.0,217.0,217.55,75.0
2025-10-01,09:24:15.000,217.28,300.0,217.0,217.55,75.0
2025-10-01,09:24:16.000,216.98,600.0,216.7,217.25,75.0
2025-10-01,09:24:17.000,216.98,600.0,216.7,217.25,75.0
2025-10-01,09:24:18.000,217.25,75.0,216.95,217.55,75.0
2025-10-01,09:24:19.000,218.32,525.0,218.0,218.65,150.0
2025-10-01,09:24:20.000,218.32,525.0,218.0,218.65,150.0
2025-10-01,09:24:21.000,217.85,300.0,217.55,218.15,75.0
2025-10-01,09:24:22.000,217.85,300.0,217.55,218.15,75.0
2025-10-01,09:24:23.000,217.92,75.0,217.65,218.2,675.0
2025-10-01,09:24:24.000,218.02,225.0,217.75,218.3,75.0
2025-10-01,09:24:25.000,218.02,225.0,217.75,218.3,75.0
2025-10-01,09:24:26.000,218.28,225.0,218.0,218.55,525.0
2025-10-01,09:24:27.000,218.28,225.0,218.0,218.55,525.0
2025-10-01,09:24:28.000,218.35,525.0,218.0,218.7,600.0
2025-10-01,09:24:29.000,218.15,75.0,217.8,218.5,300.0
2025-10-01,09:24:30.000,218.15,75.0,217.8,218.5,300.0
2025-10-01,09:24:31.000,217.55,225.0,217.2,217.9,300.0
2025-10-01,09:24:32.000,217.55,225.0,217.2,217.9,300.0
2025-10-01,09:24:33.000,217.38,225.0,217.05,217.7,450.0
2025-10-01,09:24:34.000,216.72,150.0,216.5,216.95,75.0
2025-10-01,09:24:35.000,216.72,150.0,216.5,216.95,75.0
2025-10-01,09:24:36.000,216.3,225.0,216.0,216.6,525.0
2025-10-01,09:24:37.000,216.3,225.0,216.0,216.6,525.0
2025-10-01,09:24:38.000,215.9,300.0,215.6,216.2,225.0
2025-10-01,09:24:39.000,216.02,150.0,215.75,216.3,675.0
2025-10-01,09:24:40.000,216.02,150.0,215.75,216.3,675.0
2025-10-01,09:24:41.000,215.6,150.0,215.3,215.9,450.0
2025-10-01,09:24:42.000,215.6,150.0,215.3,215.9,450.0
2025-10-01,09:24:43.000,216.1,375.0,215.8,216.4,525.0
2025-10-01,09:24:44.000,216.78,675.0,216.4,217.15,600.0
2025-10-01,09:24:45.000,216.78,675.0,216.4,217.15,600.0
2025-10-01,09:24:46.000,216.7,225.0,216.45,216.95,75.0
2025-10-01,09:24:47.000,216.7,225.0,216.45,216.95,75.0
2025-10-01,09:24:48.000,216.77,750.0,216.45,217.1,525.0
2025-10-01,09:24:49.000,217.45,300.0,217.1,217.8,150.0
2025-10-01,09:24:50.000,217.45,300.0,217.1,217.8,150.0
2025-10-01,09:24:51.000,217.7,75.0,217.4,218.0,75.0
2025-10-01,09:24:52.000,217.7,75.0,217.4,218.0,75.0
2025-10-01,09:24:53.000,218.32,525.0,218.0,218.65,300.0
2025-10-01,09:24:54.000,219.12,75.0,218.8,219.45,525.0
2025-10-01,09:24:55.000,219.12,75.0,218.8,219.45,525.0
2025-10-01,09:24:56.000,219.02,450.0,218.7,219.35,75.0
2025-10-01,09:24:57.000,219.02,450.0,218.7,219.35,75.0
2025-10-01,09:24:58.000,218.4,375.0,218.1,218.7,150.0
2025-10-01,09:24:59.000,219.18,75.0,218.9,219.45,75.0
2025-10-01,09:25:00.000,219.18,75.0,218.9,219.45,75.0
2025-10-01,09:25:01.000,219.23,525.0,218.9,219.55,375.0
2025-10-01,09:25:02.000,219.23,525.0,218.9,219.55,375.0
2025-10-01,09:25:03.000,219.12,375.0,218.8,219.45,300.0
2025-10-01,09:25:04.000,219.95,600.0,219.55,220.35,750.0
2025-10-01,09:25:05.000,219.95,600.0,219.55,220.35,750.0
2025-10-01,09:25:06.000,219.28,1875.0,219.0,219.55,600.0
2025-10-01,09:25:07.000,219.28,1875.0,219.0,219.55,600.0
2025-10-01,09:25:08.000,218.02,300.0,217.75,218.3,225.0
2025-10-01,09:25:09.000,218.42,75.0,218.1,218.75,600.0
2025-10-01,09:25:10.000,218.42,75.0,218.1,218.75,600.0
2025-10-01,09:25:11.000,219.28,150.0,219.0,219.55,750.0
2025-10-01,09:25:12.000,219.28,150.0,219.0,219.55,750.0
2025-10-01,09:25:13.000,219.45,525.0,219.15,219.75,450.0
2025-10-01,09:25:14.000,219.75,600.0,219.5,220.0,525.0
2025-10-01,09:25:15.000,219.75,600.0,219.5,220.0,525.0
2025-10-01,09:25:16.000,219.88,300.0,219.75,220.0,600.0
2025-10-01,09:25:17.000,219.88,300.0,219.75,220.0,600.0
2025-10-01,09:25:18.000,220.12,600.0,219.8,220.45,525.0
2025-10-01,09:25:19.000,220.25,525.0,219.9,220.6,600.0
2025-10-01,09:25:20.000,220.25,525.0,219.9,220.6,600.0
2025-10-01,09:25:21.000,220.12,225.0,219.75,220.5,675.0
2025-10-01,09:25:22.000,219.4,300.0,219.05,219.75,525.0
2025-10-01,09:25:23.000,219.4,300.0,219.05,219.75,525.0
2025-10-01,09:25:24.000,220.35,600.0,220.0,220.7,300.0
2025-10-01,09:25:25.000,220.35,600.0,220.0,220.7,300.0
2025-10-01,09:25:26.000,219.6,300.0,219.35,219.85,600.0
2025-10-01,09:25:27.000,219.65,750.0,219.35,219.95,525.0
2025-10-01,09:25:28.000,219.65,750.0,219.35,219.95,525.0
2025-10-01,09:25:29.000,219.5,300.0,219.35,219.65,450.0
2025-10-01,09:25:30.000,219.5,300.0,219.35,219.65,450.0
2025-10-01,09:25:31.000,219.0,75.0,218.65,219.35,525.0
2025-10-01,09:25:32.000,219.23,525.0,218.9,219.55,300.0
2025-10-01,09:25:33.000,219.23,525.0,218.9,219.55,300.0
2025-10-01,09:25:34.000,220.0,375.0,219.6,220.4,750.0
2025-10-01,09:25:35.000,220.0,375.0,219.6,220.4,750.0
2025-10-01,09:25:36.000,219.72,225.0,219.5,219.95,75.0
2025-10-01,09:25:37.000,219.8,900.0,219.5,220.1,75.0
2025-10-01,09:25:38.000,219.8,900.0,219.5,220.1,75.0
2025-10-01,09:25:39.000,221.1,300.0,220.6,221.6,75.0
2025-10-01,09:25:40.000,221.1,300.0,220.6,221.6,75.0
2025-10-01,09:25:41.000,221.6,375.0,221.25,221.95,300.0
2025-10-01,09:25:42.000,221.38,450.0,221.0,221.75,525.0
2025-10-01,09:25:43.000,221.38,450.0,221.0,221.75,525.0
2025-10-01,09:25:44.000,221.0,150.0,220.75,221.25,75.0
2025-10-01,09:25:45.000,221.0,150.0,220.75,221.25,75.0
2025-10-01,09:25:46.000,220.0,225.0,219.55,220.45,300.0
2025-10-01,09:25:47.000,220.65,300.0,220.35,220.95,450.0
2025-10-01,09:25:48.000,220.65,300.0,220.35,220.95,450.0
2025-10-01,09:25:49.000,221.35,450.0,221.0,221.7,525.0
2025-10-01,09:25:50.000,221.35,450.0,221.0,221.7,525.0
2025-10-01,09:25:51.000,221.3,75.0,221.0,221.6,75.0
2025-10-01,09:25:52.000,220.72,375.0,220.35,221.1,600.0
2025-10-01,09:25:53.000,220.72,375.0,220.35,221.1,600.0
2025-10-01,09:25:54.000,220.6,225.0,220.35,220.85,75.0
2025-10-01,09:25:55.000,220.6,225.0,220.35,220.85,75.0
2025-10-01,09:25:56.000,220.55,525.0,220.25,220.85,75.0
2025-10-01,09:25:57.000,219.85,300.0,219.55,220.15,75.0
2025-10-01,09:25:58.000,219.85,300.0,219.55,220.15,75.0
2025-10-01,09:25:59.000,219.98,150.0,219.75,220.2,75.0
2025-10-01,09:26:00.000,219.98,150.0,219.75,220.2,75.0
2025-10-01,09:26:01.000,219.32,375.0,219.0,219.65,675.0
2025-10-01,09:26:02.000,219.52,525.0,219.2,219.85,525.0
2025-10-01,09:26:03.000,219.52,525.0,219.2,219.85,525.0
2025-10-01,09:26:04.000,219.5,75.0,219.15,219.85,825.0
2025-10-01,09:26:05.000,219.5,75.0,219.15,219.85,825.0
2025-10-01,09:26:06.000,218.28,300.0,218.0,218.55,150.0
2025-10-01,09:26:07.000,218.52,150.0,218.25,218.8,600.0
2025-10-01,09:26:08.000,218.52,150.0,218.25,218.8,600.0
2025-10-01,09:26:09.000,217.98,150.0,217.75,218.2,75.0
2025-10-01,09:26:10.000,218.23,75.0,217.9,218.55,75.0
2025-10-01,09:26:11.000,218.23,75.0,217.9,218.55,75.0
2025-10-01,09:26:12.000,217.85,525.0,217.55,218.15,75.0
2025-10-01,09:26:13.000,217.85,525.0,217.55,218.15,75.0
2025-10-01,09:26:14.000,216.42,225.0,216.25,216.6,300.0
2025-10-01,09:26:15.000,216.45,225.0,216.25,216.65,150.0
2025-10-01,09:26:16.000,216.45,225.0,216.25,216.65,150.0
2025-10-01,09:26:17.000,216.3,75.0,216.05,216.55,150.0
2025-10-01,09:26:18.000,216.3,75.0,216.05,216.55,150.0
2025-10-01,09:26:19.000,217.25,150.0,217.0,217.5,750.0
2025-10-01,09:26:20.000,217.25,150.0,217.0,217.5,750.0
2025-10-01,09:26:21.000,218.32,300.0,218.05,218.6,75.0
2025-10-01,09:26:22.000,218.5,600.0,218.15,218.85,525.0
2025-10-01,09:26:23.000,218.5,600.0,218.15,218.85,525.0
2025-10-01,09:26:24.000,217.88,75.0,217.6,218.15,750.0
2025-10-01,09:26:25.000,217.88,75.0,217.6,218.15,750.0
2025-10-01,09:26:26.000,218.88,300.0,218.55,219.2,900.0
2025-10-01,09:26:27.000,219.08,450.0,218.8,219.35,1275.0
2025-10-01,09:26:28.000,219.08,450.0,218.8,219.35,1275.0
2025-10-01,09:26:29.000,218.62,375.0,218.25,219.0,1125.0
2025-10-01,09:26:30.000,218.62,375.0,218.25,219.0,1125.0
2025-10-01,09:26:31.000,218.85,150.0,218.5,219.2,375.0
2025-10-01,09:26:32.000,219.02,450.0,218.75,219.3,525.0
2025-10-01,09:26:33.000,219.02,450.0,218.75,219.3,525.0
2025-10-01,09:26:34.000,218.62,75.0,218.35,218.9,525.0
2025-10-01,09:26:35.000,218.62,75.0,218.35,218.9,525.0
2025-10-01,09:26:36.000,218.78,150.0,218.5,219.05,525.0
2025-10-01,09:26:37.000,218.78,450.0,218.5,219.05,75.0
2025-10-01,09:26:38.000,218.78,450.0,218.5,219.05,75.0
2025-10-01,09:26:39.000,218.75,225.0,218.5,219.0,525.0
2025-10-01,09:26:40.000,218.75,225.0,218.5,219.0,525.0
2025-10-01,09:26:41.000,219.0,375.0,218.75,219.25,300.0
2025-10-01,09:26:42.000,220.25,300.0,219.9,220.6,375.0
2025-10-01,09:26:43.000,220.25,300.0,219.9,220.6,375.0
2025-10-01,09:26:44.000,220.38,225.0,220.05,220.7,375.0
2025-10-01,09:26:45.000,220.38,225.0,220.05,220.7,375.0
2025-10-01,09:26:46.000,219.62,225.0,219.4,219.85,75.0
2025-10-01,09:26:47.000,219.32,975.0,219.0,219.65,300.0
2025-10-01,09:26:48.000,219.32,975.0,219.0,219.65,300.0
2025-10-01,09:26:49.000,219.77,525.0,219.45,220.1,750.0
2025-10-01,09:26:50.000,219.77,525.0,219.45,220.1,750.0
2025-10-01,09:26:51.000,220.52,300.0,220.15,220.9,525.0
2025-10-01,09:26:52.000,220.15,225.0,219.85,220.45,525.0
2025-10-01,09:26:53.000,220.15,225.0,219.85,220.45,525.0
2025-10-01,09:26:54.000,220.32,300.0,220.0,220.65,525.0
2025-10-01,09:26:55.000,220.32,300.0,220.0,220.65,525.0
2025-10-01,09:26:56.000,220.52,150.0,220.25,220.8,525.0
2025-10-01,09:26:57.000,220.42,375.0,220.15,220.7,375.0
2025-10-01,09:26:58.000,220.42,375.0,220.15,220.7,375.0
2025-10-01,09:26:59.000,219.95,750.0,219.6,220.3,525.0
2025-10-01,09:27:00.000,219.95,750.0,219.6,220.3,525.0
2025-10-01,09:27:01.000,221.02,75.0,220.7,221.35,600.0
2025-10-01,09:27:02.000,220.62,375.0,220.35,220.9,225.0
2025-10-01,09:27:03.000,220.62,375.0,220.35,220.9,225.0
2025-10-01,09:27:04.000,219.78,150.0,219.5,220.05,600.0
2025-10-01,09:27:05.000,219.78,150.0,219.5,220.05,600.0
2025-10-01,09:27:06.000,219.85,375.0,219.55,220.15,525.0
2025-10-01,09:27:07.000,219.48,1050.0,219.3,219.65,75.0
2025-10-01,09:27:08.000,219.48,1050.0,219.3,219.65,75.0
2025-10-01,09:27:09.000,220.08,375.0,219.8,220.35,75.0
2025-10-01,09:27:10.000,220.08,375.0,219.8,220.35,75.0
2025-10-01,09:27:11.000,220.62,525.0,220.3,220.95,525.0
2025-10-01,09:27:12.000,220.88,450.0,220.5,221.25,975.0
2025-10-01,09:27:13.000,220.88,450.0,220.5,221.25,975.0
2025-10-01,09:27:14.000,220.08,300.0,219.75,220.4,675.0
2025-10-01,09:27:15.000,220.08,300.0,219.75,220.4,675.0
2025-10-01,09:27:16.000,220.25,300.0,219.95,220.55,75.0
2025-10-01,09:27:17.000,220.85,300.0,220.55,221.15,450.0
2025-10-01,09:27:18.000,220.85,300.0,220.55,221.15,450.0
2025-10-01,09:27:19.000,220.08,900.0,219.75,220.4,600.0
2025-10-01,09:27:20.000,220.08,900.0,219.75,220.4,600.0
2025-10-01,09:27:21.000,219.73,525.0,219.55,219.9,150.0
2025-10-01,09:27:22.000,219.9,525.0,219.6,220.2,600.0
2025-10-01,09:27:23.000,219.9,525.0,219.6,220.2,600.0
2025-10-01,09:27:24.000,219.65,675.0,219.3,220.0,150.0
2025-10-01,09:27:25.000,219.65,675.0,219.3,220.0,150.0
2025-10-01,09:27:26.000,218.98,525.0,218.75,219.2,75.0
2025-10-01,09:27:27.000,220.02,75.0,219.7,220.35,750.0
2025-10-01,09:27:28.000,220.02,75.0,219.7,220.35,750.0
2025-10-01,09:27:29.000,219.88,75.0,219.6,220.15,525.0
2025-10-01,09:27:30.000,221.15,300.0,220.85,221.45,525.0
2025-10-01,09:27:31.000,221.15,300.0,220.85,221.45,525.0
2025-10-01,09:27:32.000,221.18,300.0,220.85,221.5,75.0
2025-10-01,09:27:33.000,221.18,300.0,220.85,221.5,75.0
2025-10-01,09:27:34.000,221.6,975.0,221.25,221.95,300.0
2025-10-01,09:27:35.000,220.8,75.0,220.5,221.1,375.0
2025-10-01,09:27:36.000,220.8,75.0,220.5,221.1,375.0
2025-10-01,09:27:37.000,221.1,375.0,220.85,221.35,75.0
2025-10-01,09:27:38.000,221.1,375.0,220.85,221.35,75.0
2025-10-01,09:27:39.000,220.62,600.0,220.3,220.95,525.0
2025-10-01,09:27:40.000,220.6,450.0,220.25,220.95,300.0
2025-10-01,09:27:41.000,220.6,450.0,220.25,220.95,300.0
2025-10-01,09:27:42.000,220.25,1050.0,219.9,220.6,300.0
2025-10-01,09:27:43.000,220.25,1050.0,219.9,220.6,300.0
2025-10-01,09:27:44.000,220.28,300.0,220.05,220.5,375.0
2025-10-01,09:27:45.000,220.12,600.0,219.8,220.45,525.0
2025-10-01,09:27:46.000,220.12,600.0,219.8,220.45,525.0
2025-10-01,09:27:47.000,220.25,150.0,220.0,220.5,375.0
2025-10-01,09:27:48.000,220.25,150.0,220.0,220.5,375.0
2025-10-01,09:27:49.000,220.2,375.0,219.9,220.5,300.0
2025-10-01,09:27:50.000,220.15,600.0,219.8,220.5,750.0
2025-10-01,09:27:51.000,220.15,600.0,219.8,220.5,750.0
2025-10-01,09:27:52.000,220.42,75.0,220.15,220.7,525.0
2025-10-01,09:27:53.000,220.42,75.0,220.15,220.7,525.0
2025-10-01,09:27:54.000,220.0,75.0,219.65,220.35,525.0
2025-10-01,09:27:55.000,219.82,225.0,219.5,220.15,600.0
2025-10-01,09:27:56.000,219.82,225.0,219.5,220.15,600.0
2025-10-01,09:27:57.000,219.3,675.0,219.0,219.6,300.0
2025-10-01,09:27:58.000,219.3,675.0,219.0,219.6,300.0
2025-10-01,09:27:59.000,219.52,150.0,219.25,219.8,450.0
2025-10-01,09:28:00.000,220.45,300.0,220.1,220.8,600.0
2025-10-01,09:28:01.000,220.45,300.0,220.1,220.8,600.0
2025-10-01,09:28:02.000,220.35,750.0,220.1,220.6,150.0
2025-10-01,09:28:03.000,220.35,750.0,220.1,220.6,150.0
2025-10-01,09:28:04.000,220.68,525.0,220.35,221.0,600.0
2025-10-01,09:28:05.000,220.15,150.0,220.0,220.3,75.0
2025-10-01,09:28:06.000,220.15,150.0,220.0,220.3,75.0
2025-10-01,09:28:07.000,221.5,300.0,221.15,221.85,525.0
2025-10-01,09:28:08.000,221.5,300.0,221.15,221.85,525.0
2025-10-01,09:28:09.000,220.55,225.0,220.25,220.85,525.0
2025-10-01,09:28:10.000,220.82,750.0,220.5,221.15,525.0
2025-10-01,09:28:11.000,220.82,750.0,220.5,221.15,525.0
2025-10-01,09:28:12.000,221.3,375.0,221.05,221.55,75.0
2025-10-01,09:28:13.000,221.3,375.0,221.05,221.55,75.0
2025-10-01,09:28:14.000,221.12,300.0,220.85,221.4,525.0
2025-10-01,09:28:15.000,220.5,150.0,220.25,220.75,525.0
2025-10-01,09:28:16.000,220.5,150.0,220.25,220.75,525.0
2025-10-01,09:28:17.000,221.52,150.0,221.25,221.8,525.0
2025-10-01,09:28:18.000,221.52,150.0,221.25,221.8,525.0
2025-10-01,09:28:19.000,220.98,1275.0,220.6,221.35,675.0
2025-10-01,09:28:20.000,220.25,150.0,220.0,220.5,75.0
2025-10-01,09:28:21.000,220.25,150.0,220.0,220.5,75.0
2025-10-01,09:28:22.000,220.92,600.0,220.6,221.25,825.0
2025-10-01,09:28:23.000,220.92,600.0,220.6,221.25,825.0
2025-10-01,09:28:24.000,221.42,300.0,221.1,221.75,525.0
2025-10-01,09:28:25.000,221.72,600.0,221.45,222.0,375.0
2025-10-01,09:28:26.000,221.72,600.0,221.45,222.0,375.0
2025-10-01,09:28:27.000,221.7,825.0,221.4,222.0,1050.0
2025-10-01,09:28:28.000,221.7,825.0,221.4,222.0,1050.0
2025-10-01,09:28:29.000,221.92,75.0,221.65,222.2,375.0
2025-10-01,09:28:30.000,222.3,300.0,221.95,222.65,525.0
2025-10-01,09:28:31.000,222.3,300.0,221.95,222.65,525.0
2025-10-01,09:28:32.000,222.28,75.0,222.0,222.55,600.0
2025-10-01,09:28:33.000,222.28,75.0,222.0,222.55,600.0
2025-10-01,09:28:34.000,222.23,900.0,221.9,222.55,600.0
2025-10-01,09:28:35.000,222.65,825.0,222.3,223.0,4725.0
2025-10-01,09:28:36.000,222.65,825.0,222.3,223.0,4725.0
2025-10-01,09:28:37.000,222.58,975.0,222.25,222.9,75.0
2025-10-01,09:28:38.000,222.58,975.0,222.25,222.9,75.0
2025-10-01,09:28:39.000,222.52,150.0,222.25,222.8,600.0
2025-10-01,09:28:40.000,222.25,150.0,222.0,222.5,75.0
2025-10-01,09:28:41.000,222.25,150.0,222.0,222.5,75.0
2025-10-01,09:28:42.000,222.18,600.0,221.85,222.5,525.0
2025-10-01,09:28:43.000,222.18,600.0,221.85,222.5,525.0
2025-10-01,09:28:44.000,222.12,300.0,221.8,222.45,225.0
2025-10-01,09:28:45.000,222.15,75.0,221.9,222.4,75.0
2025-10-01,09:28:46.000,222.15,75.0,221.9,222.4,75.0
2025-10-01,09:28:47.000,222.32,225.0,222.0,222.65,525.0
2025-10-01,09:28:48.000,222.32,225.0,222.0,222.65,525.0
2025-10-01,09:28:49.000,221.8,600.0,221.5,222.1,600.0
2025-10-01,09:28:50.000,221.92,225.0,221.6,222.25,600.0
2025-10-01,09:28:51.000,221.92,225.0,221.6,222.25,600.0
2025-10-01,09:28:52.000,221.35,75.0,221.05,221.65,75.0
2025-10-01,09:28:53.000,221.35,75.0,221.05,221.65,75.0
2025-10-01,09:28:54.000,221.7,225.0,221.4,222.0,525.0
2025-10-01,09:28:55.000,222.3,600.0,221.9,222.7,975.0
2025-10-01,09:28:56.000,222.3,600.0,221.9,222.7,975.0
2025-10-01,09:28:57.000,221.68,75.0,221.4,221.95,225.0
2025-10-01,09:28:58.000,221.68,75.0,221.4,221.95,225.0
2025-10-01,09:28:59.000,221.7,75.0,221.4,222.0,600.0
2025-10-01,09:29:00.000,221.52,225.0,221.2,221.85,450.0
2025-10-01,09:29:01.000,221.52,225.0,221.2,221.85,450.0
2025-10-01,09:29:02.000,221.35,375.0,221.05,221.65,75.0
2025-10-01,09:29:03.000,221.35,375.0,221.05,221.65,75.0
2025-10-01,09:29:04.000,221.4,750.0,221.1,221.7,750.0
2025-10-01,09:29:05.000,221.42,825.0,221.1,221.75,525.0
2025-10-01,09:29:06.000,221.42,825.0,221.1,221.75,525.0
2025-10-01,09:29:07.000,221.15,975.0,220.85,221.45,75.0
2025-10-01,09:29:08.000,221.15,975.0,220.85,221.45,75.0
2025-10-01,09:29:09.000,221.8,75.0,221.5,222.1,525.0
2025-10-01,09:29:10.000,221.0,75.0,220.7,221.3,600.0
2025-10-01,09:29:11.000,221.0,75.0,220.7,221.3,600.0
2025-10-01,09:29:12.000,221.12,150.0,220.8,221.45,750.0
2025-10-01,09:29:13.000,221.12,150.0,220.8,221.45,750.0
2025-10-01,09:29:14.000,221.1,375.0,220.75,221.45,600.0
2025-10-01,09:29:15.000,221.08,75.0,220.7,221.45,300.0
2025-10-01,09:29:16.000,221.08,75.0,220.7,221.45,300.0
2025-10-01,09:29:17.000,220.12,375.0,219.6,220.65,375.0
2025-10-01,09:29:18.000,220.12,375.0,219.6,220.65,375.0
2025-10-01,09:29:19.000,220.52,150.0,220.25,220.8,75.0
2025-10-01,09:29:20.000,220.68,525.0,220.35,221.0,75.0
2025-10-01,09:29:21.000,220.68,525.0,220.35,221.0,75.0
2025-10-01,09:29:22.000,222.08,300.0,221.75,222.4,75.0
2025-10-01,09:29:23.000,222.08,300.0,221.75,222.4,75.0
2025-10-01,09:29:24.000,221.8,900.0,221.45,222.15,525.0
2025-10-01,09:29:25.000,222.23,900.0,221.9,222.55,75.0
2025-10-01,09:29:26.000,222.23,900.0,221.9,222.55,75.0
2025-10-01,09:29:27.000,222.6,450.0,222.3,222.9,75.0
2025-10-01,09:29:28.000,222.6,450.0,222.3,222.9,75.0
2025-10-01,09:29:29.000,221.92,225.0,221.5,222.35,450.0
2025-10-01,09:29:30.000,222.48,750.0,222.1,222.85,750.0
2025-10-01,09:29:31.000,222.48,750.0,222.1,222.85,750.0
2025-10-01,09:29:32.000,222.18,75.0,221.85,222.5,600.0
2025-10-01,09:29:33.000,222.18,75.0,221.85,222.5,600.0
2025-10-01,09:29:34.000,222.22,525.0,221.95,222.5,75.0
2025-10-01,09:29:35.000,222.38,675.0,222.1,222.65,75.0
2025-10-01,09:29:36.000,222.38,675.0,222.1,222.65,75.0
2025-10-01,09:29:37.000,222.38,975.0,222.0,222.75,450.0
2025-10-01,09:29:38.000,222.38,975.0,222.0,222.75,450.0
2025-10-01,09:29:39.000,222.65,675.0,222.35,222.95,300.0
2025-10-01,09:29:40.000,223.6,300.0,223.2,224.0,675.0
2025-10-01,09:29:41.000,223.6,300.0,223.2,224.0,675.0
2025-10-01,09:29:42.000,222.52,525.0,222.2,222.85,525.0
2025-10-01,09:29:43.000,222.52,525.0,222.2,222.85,525.0
2025-10-01,09:29:44.000,222.65,375.0,222.3,223.0,675.0
2025-10-01,09:29:45.000,222.52,150.0,222.25,222.8,375.0
2025-10-01,09:29:46.000,222.52,150.0,222.25,222.8,375.0
2025-10-01,09:29:47.000,222.65,975.0,222.3,223.0,75.0
2025-10-01,09:29:48.000,222.65,975.0,222.3,223.0,75.0
2025-10-01,09:29:49.000,222.23,600.0,221.9,222.55,525.0
2025-10-01,09:29:50.000,221.08,375.0,220.7,221.45,525.0
2025-10-01,09:29:51.000,221.08,375.0,220.7,221.45,525.0
2025-10-01,09:29:52.000,221.8,525.0,221.45,222.15,1125.0
2025-10-01,09:29:53.000,221.8,525.0,221.45,222.15,1125.0
2025-10-01,09:29:54.000,222.32,525.0,222.0,222.65,525.0
2025-10-01,09:29:55.000,222.6,525.0,222.25,222.95,750.0
2025-10-01,09:29:56.000,222.6,525.0,222.25,222.95,750.0
2025-10-01,09:29:57.000,222.8,525.0,222.5,223.1,300.0
2025-10-01,09:29:58.000,222.8,525.0,222.5,223.1,300.0
2025-10-01,09:29:59.000,223.05,450.0,222.75,223.35,300.0
2025-10-01,09:30:00.000,222.02,150.0,221.75,222.3,150.0
2025-10-01,09:30:01.000,222.02,150.0,221.75,222.3,150.0
2025-10-01,09:30:02.000,222.68,525.0,222.35,223.0,450.0
2025-10-01,09:30:03.000,222.68,750.0,222.35,223.0,600.0
2025-10-01,09:30:04.000,222.68,750.0,222.35,223.0,600.0
2025-10-01,09:30:05.000,222.68,975.0,222.4,222.95,75.0
2025-10-01,09:30:06.000,222.68,975.0,222.4,222.95,75.0
2025-10-01,09:30:07.000,222.78,375.0,222.55,223.0,375.0
2025-10-01,09:30:08.000,223.1,750.0,222.75,223.45,75.0
2025-10-01,09:30:09.000,223.1,750.0,222.75,223.45,75.0
2025-10-01,09:30:10.000,222.68,1125.0,222.5,222.85,675.0
2025-10-01,09:30:11.000,222.68,1125.0,222.5,222.85,675.0
2025-10-01,09:30:12.000,222.78,225.0,222.55,223.0,750.0
2025-10-01,09:30:13.000,221.7,825.0,221.4,222.0,450.0
2025-10-01,09:30:14.000,221.7,825.0,221.4,222.0,450.0
2025-10-01,09:30:15.000,221.5,75.0,221.2,221.8,600.0
2025-10-01,09:30:16.000,221.5,75.0,221.2,221.8,600.0
2025-10-01,09:30:17.000,221.45,300.0,221.15,221.75,750.0
2025-10-01,09:30:18.000,221.45,300.0,221.15,221.75,225.0
2025-10-01,09:30:19.000,221.45,300.0,221.15,221.75,225.0
2025-10-01,09:30:20.000,220.98,300.0,220.65,221.3,225.0
2025-10-01,09:30:21.000,220.98,300.0,220.65,221.3,225.0
2025-10-01,09:30:22.000,220.85,525.0,220.55,221.15,75.0
2025-10-01,09:30:23.000,220.88,300.0,220.55,221.2,975.0
2025-10-01,09:30:24.000,220.88,300.0,220.55,221.2,975.0
2025-10-01,09:30:25.000,220.3,750.0,220.0,220.6,75.0
2025-10-01,09:30:26.000,220.3,750.0,220.0,220.6,75.0
2025-10-01,09:30:27.000,220.5,600.0,220.2,220.8,75.0
2025-10-01,09:30:28.000,220.28,225.0,220.0,220.55,225.0
2025-10-01,09:30:29.000,220.28,225.0,220.0,220.55,225.0
2025-10-01,09:30:30.000,220.45,450.0,220.25,220.65,75.0
2025-10-01,09:30:31.000,220.45,450.0,220.25,220.65,75.0
2025-10-01,09:30:32.000,220.05,150.0,219.75,220.35,375.0
2025-10-01,09:30:33.000,220.22,150.0,220.0,220.45,75.0
2025-10-01,09:30:34.000,220.22,150.0,220.0,220.45,75.0
2025-10-01,09:30:35.000,220.65,450.0,220.35,220.95,825.0
2025-10-01,09:30:36.000,220.65,450.0,220.35,220.95,825.0
2025-10-01,09:30:37.000,221.22,150.0,220.95,221.5,375.0
2025-10-01,09:30:38.000,221.58,300.0,221.25,221.9,600.0
2025-10-01,09:30:39.000,221.58,300.0,221.25,221.9,600.0
2025-10-01,09:30:40.000,222.08,300.0,221.75,222.4,150.0
2025-10-01,09:30:41.000,222.08,300.0,221.75,222.4,150.0
2025-10-01,09:30:42.000,222.62,75.0,222.35,222.9,525.0
2025-10-01,09:30:43.000,222.62,300.0,222.3,222.95,525.0
2025-10-01,09:30:44.000,222.62,300.0,222.3,222.95,525.0
2025-10-01,09:30:45.000,222.23,450.0,221.9,222.55,525.0
2025-10-01,09:30:46.000,222.23,450.0,221.9,222.55,525.0
2025-10-01,09:30:47.000,223.05,300.0,222.75,223.35,75.0
2025-10-01,09:30:48.000,223.62,375.0,223.3,223.95,525.0
2025-10-01,09:30:49.000,223.62,375.0,223.3,223.95,525.0
2025-10-01,09:30:50.000,223.5,450.0,223.25,223.75,300.0
2025-10-01,09:30:51.000,223.5,450.0,223.25,223.75,300.0
2025-10-01,09:30:52.000,222.95,300.0,222.6,223.3,300.0
2025-10-01,09:30:53.000,223.12,600.0,222.85,223.4,225.0
2025-10-01,09:30:54.000,223.12,600.0,222.85,223.4,225.0
2025-10-01,09:30:55.000,223.27,525.0,222.95,223.6,900.0
2025-10-01,09:30:56.000,223.32,300.0,223.05,223.6,225.0
2025-10-01,09:30:57.000,223.32,300.0,223.05,223.6,225.0
2025-10-01,09:30:58.000,222.98,375.0,222.7,223.25,375.0
2025-10-01,09:30:59.000,222.98,375.0,222.7,223.25,375.0
2025-10-01,09:31:00.000,222.95,75.0,222.7,223.2,525.0
2025-10-01,09:31:01.000,223.15,600.0,222.8,223.5,900.0
2025-10-01,09:31:02.000,223.15,600.0,222.8,223.5,900.0
2025-10-01,09:31:03.000,223.5,75.0,223.2,223.8,300.0
2025-10-01,09:31:04.000,223.5,75.0,223.2,223.8,300.0
2025-10-01,09:31:05.000,223.72,525.0,223.45,224.0,150.0
2025-10-01,09:31:06.000,223.55,525.0,223.3,223.8,75.0
2025-10-01,09:31:07.000,223.55,525.0,223.3,223.8,75.0
2025-10-01,09:31:08.000,223.18,525.0,222.85,223.5,600.0
2025-10-01,09:31:09.000,223.18,525.0,222.85,223.5,600.0
2025-10-01,09:31:10.000,222.32,600.0,222.05,222.6,150.0
2025-10-01,09:31:11.000,221.82,75.0,221.55,222.1,150.0
2025-10-01,09:31:12.000,221.82,75.0,221.55,222.1,150.0
2025-10-01,09:31:13.000,222.6,300.0,222.35,222.85,75.0
2025-10-01,09:31:14.000,222.6,300.0,222.35,222.85,75.0
2025-10-01,09:31:15.000,222.98,525.0,222.7,223.25,150.0
2025-10-01,09:31:16.000,222.82,525.0,222.55,223.1,150.0
2025-10-01,09:31:17.000,222.82,525.0,222.55,223.1,150.0
2025-10-01,09:31:18.000,222.65,525.0,222.35,222.95,150.0
2025-10-01,09:31:19.000,222.65,525.0,222.35,222.95,150.0
2025-10-01,09:31:20.000,222.85,375.0,222.5,223.2,600.0
2025-10-01,09:31:21.000,222.48,150.0,222.15,222.8,75.0
2025-10-01,09:31:22.000,222.48,150.0,222.15,222.8,75.0
2025-10-01,09:31:23.000,222.65,525.0,222.3,223.0,300.0
2025-10-01,09:31:24.000,222.65,525.0,222.3,223.0,300.0
2025-10-01,09:31:25.000,222.45,150.0,222.1,222.8,150.0
2025-10-01,09:31:26.000,222.3,150.0,221.95,222.65,300.0
2025-10-01,09:31:27.000,222.3,150.0,221.95,222.65,300.0
2025-10-01,09:31:28.000,221.4,300.0,221.1,221.7,75.0
2025-10-01,09:31:29.000,221.4,300.0,221.1,221.7,75.0
2025-10-01,09:31:30.000,221.48,225.0,221.25,221.7,225.0
2025-10-01,09:31:31.000,221.28,600.0,221.0,221.55,75.0
2025-10-01,09:31:32.000,221.28,600.0,221.0,221.55,75.0
2025-10-01,09:31:33.000,221.8,225.0,221.5,222.1,75.0
2025-10-01,09:31:34.000,221.8,225.0,221.5,222.1,75.0
2025-10-01,09:31:35.000,221.4,225.0,221.1,221.7,675.0
2025-10-01,09:31:36.000,222.08,150.0,221.75,222.4,375.0
2025-10-01,09:31:37.000,222.08,150.0,221.75,222.4,375.0
2025-10-01,09:31:38.000,222.42,225.0,222.1,222.75,225.0
2025-10-01,09:31:39.000,222.42,225.0,222.1,222.75,225.0
2025-10-01,09:31:40.000,222.18,975.0,221.85,222.5,525.0
2025-10-01,09:31:41.000,222.42,225.0,222.15,222.7,225.0
2025-10-01,09:31:42.000,222.42,225.0,222.15,222.7,225.0
2025-10-01,09:31:43.000,222.62,300.0,222.3,222.95,300.0
2025-10-01,09:31:44.000,222.62,300.0,222.3,222.95,300.0
2025-10-01,09:31:45.000,222.7,300.0,222.4,223.0,150.0
2025-10-01,09:31:46.000,222.55,525.0,222.25,222.85,300.0
2025-10-01,09:31:47.000,222.55,525.0,222.25,222.85,300.0
2025-10-01,09:31:48.000,221.65,300.0,221.4,221.9,75.0
2025-10-01,09:31:49.000,221.65,300.0,221.4,221.9,75.0
2025-10-01,09:31:50.000,221.8,300.0,221.55,222.05,75.0
2025-10-01,09:31:51.000,221.78,675.0,221.5,222.05,75.0
2025-10-01,09:31:52.000,221.78,675.0,221.5,222.05,75.0
2025-10-01,09:31:53.000,222.18,750.0,221.85,222.5,150.0
2025-10-01,09:31:54.000,222.18,750.0,221.85,222.5,150.0
2025-10-01,09:31:55.000,221.98,75.0,221.6,222.35,825.0
2025-10-01,09:31:56.000,220.85,300.0,220.55,221.15,75.0
2025-10-01,09:31:57.000,220.85,300.0,220.55,221.15,75.0
2025-10-01,09:31:58.000,220.25,1050.0,220.0,220.5,225.0
2025-10-01,09:31:59.000,220.25,1050.0,220.0,220.5,225.0
2025-10-01,09:32:00.000,219.52,225.0,219.2,219.85,225.0
2025-10-01,09:32:01.000,220.08,225.0,219.75,220.4,375.0
2025-10-01,09:32:02.000,220.08,225.0,219.75,220.4,375.0
2025-10-01,09:32:03.000,220.8,525.0,220.5,221.1,300.0
2025-10-01,09:32:04.000,220.8,525.0,220.5,221.1,300.0
2025-10-01,09:32:05.000,221.05,225.0,220.75,221.35,75.0
2025-10-01,09:32:06.000,220.92,300.0,220.6,221.25,75.0
2025-10-01,09:32:07.000,220.92,300.0,220.6,221.25,75.0
2025-10-01,09:32:08.000,220.55,375.0,220.25,220.85,525.0
2025-10-01,09:32:09.000,220.55,375.0,220.25,220.85,525.0
2025-10-01,09:32:10.000,220.22,300.0,220.0,220.45,150.0
2025-10-01,09:32:11.000,220.55,225.0,220.25,220.85,375.0
2025-10-01,09:32:12.000,220.55,225.0,220.25,220.85,375.0
2025-10-01,09:32:13.000,220.58,375.0,220.25,220.9,150.0
2025-10-01,09:32:14.000,220.58,375.0,220.25,220.9,150.0
2025-10-01,09:32:15.000,220.6,225.0,220.3,220.9,75.0
2025-10-01,09:32:16.000,220.05,150.0,219.75,220.35,225.0
2025-10-01,09:32:17.000,220.05,150.0,219.75,220.35,225.0
2025-10-01,09:32:18.000,220.52,225.0,220.25,220.8,75.0
2025-10-01,09:32:19.000,220.52,225.0,220.25,220.8,75.0
2025-10-01,09:32:20.000,220.42,75.0,220.1,220.75,75.0
2025-10-01,09:32:21.000,220.78,150.0,220.5,221.05,75.0
2025-10-01,09:32:22.000,220.78,150.0,220.5,221.05,75.0
2025-10-01,09:32:23.000,220.58,225.0,220.25,220.9,150.0
2025-10-01,09:32:24.000,220.58,225.0,220.25,220.9,150.0
2025-10-01,09:32:25.000,220.28,75.0,220.05,220.5,75.0
2025-10-01,09:32:26.000,219.98,150.0,219.75,220.2,150.0
2025-10-01,09:32:27.000,219.98,150.0,219.75,220.2,150.0
2025-10-01,09:32:28.000,220.52,225.0,220.25,220.8,225.0
2025-10-01,09:32:29.000,220.52,225.0,220.25,220.8,225.0
2025-10-01,09:32:30.000,220.32,75.0,220.05,220.6,375.0
2025-10-01,09:32:31.000,220.0,150.0,219.75,220.25,450.0
2025-10-01,09:32:32.000,220.0,150.0,219.75,220.25,450.0
2025-10-01,09:32:33.000,220.58,375.0,220.3,220.85,75.0
2025-10-01,09:32:34.000,220.58,375.0,220.3,220.85,75.0
2025-10-01,09:32:35.000,220.8,300.0,220.5,221.1,225.0
2025-10-01,09:32:36.000,220.3,75.0,220.15,220.45,450.0
2025-10-01,09:32:37.000,220.3,75.0,220.15,220.45,450.0
2025-10-01,09:32:38.000,220.08,225.0,219.8,220.35,75.0
2025-10-01,09:32:39.000,220.08,225.0,219.8,220.35,75.0
2025-10-01,09:32:40.000,219.8,75.0,219.55,220.05,75.0
2025-10-01,09:32:41.000,220.3,75.0,220.1,220.5,75.0
2025-10-01,09:32:42.000,220.3,75.0,220.1,220.5,75.0
2025-10-01,09:32:43.000,220.35,150.0,220.25,220.45,75.0
2025-10-01,09:32:44.000,220.35,150.0,220.25,220.45,75.0
2025-10-01,09:32:45.000,220.18,150.0,220.0,220.35,75.0
2025-10-01,09:32:46.000,220.72,300.0,220.45,221.0,150.0
2025-10-01,09:32:47.000,220.72,300.0,220.45,221.0,150.0
2025-10-01,09:32:48.000,220.32,225.0,220.05,220.6,75.0
2025-10-01,09:32:49.000,220.32,225.0,220.05,220.6,75.0
2025-10-01,09:32:50.000,220.52,150.0,220.25,220.8,225.0
2025-10-01,09:32:51.000,220.02,150.0,219.75,220.3,150.0
2025-10-01,09:32:52.000,220.02,150.0,219.75,220.3,150.0
2025-10-01,09:32:53.000,219.48,150.0,219.25,219.7,75.0
2025-10-01,09:32:54.000,219.48,150.0,219.25,219.7,75.0
2025-10-01,09:32:55.000,219.22,450.0,219.0,219.45,300.0
2025-10-01,09:32:56.000,219.78,150.0,219.5,220.05,75.0
2025-10-01,09:32:57.000,219.78,150.0,219.5,220.05,75.0
2025-10-01,09:32:58.000,220.15,75.0,219.8,220.5,675.0
2025-10-01,09:32:59.000,220.15,75.0,219.8,220.5,675.0
2025-10-01,09:33:00.000,220.9,300.0,220.5,221.3,225.0
2025-10-01,09:33:01.000,221.22,75.0,220.95,221.5,150.0
2025-10-01,09:33:02.000,221.22,75.0,220.95,221.5,150.0
2025-10-01,09:33:03.000,221.55,150.0,221.25,221.85,75.0
2025-10-01,09:33:04.000,221.55,150.0,221.25,221.85,75.0
2025-10-01,09:33:05.000,221.68,75.0,221.35,222.0,600.0
2025-10-01,09:33:06.000,221.8,150.0,221.5,222.1,525.0
2025-10-01,09:33:07.000,221.8,150.0,221.5,222.1,525.0
2025-10-01,09:33:08.000,221.48,150.0,221.1,221.85,450.0
2025-10-01,09:33:09.000,221.48,150.0,221.1,221.85,450.0
2025-10-01,09:33:10.000,222.58,150.0,222.3,222.85,75.0
2025-10-01,09:33:11.000,222.58,150.0,222.3,222.85,75.0
2025-10-01,09:33:12.000,222.6,150.0,222.3,222.9,525.0
2025-10-01,09:33:13.000,221.78,150.0,221.5,222.05,75.0
2025-10-01,09:33:14.000,221.78,150.0,221.5,222.05,75.0
2025-10-01,09:33:15.000,222.25,75.0,221.9,222.6,75.0
2025-10-01,09:33:16.000,222.22,75.0,222.0,222.45,600.0
2025-10-01,09:33:17.000,222.22,75.0,222.0,222.45,600.0
2025-10-01,09:33:18.000,222.0,75.0,221.7,222.3,600.0
2025-10-01,09:33:19.000,222.0,75.0,221.7,222.3,600.0
2025-10-01,09:33:20.000,222.18,225.0,221.85,222.5,600.0
2025-10-01,09:33:21.000,222.75,300.0,222.45,223.05,300.0
2025-10-01,09:33:22.000,222.75,300.0,222.45,223.05,300.0
2025-10-01,09:33:23.000,223.05,300.0,222.8,223.3,75.0
2025-10-01,09:33:24.000,223.05,300.0,222.8,223.3,75.0
2025-10-01,09:33:25.000,222.75,150.0,222.5,223.0,75.0
2025-10-01,09:33:26.000,223.68,75.0,223.35,224.0,375.0
2025-10-01,09:33:27.000,223.68,75.0,223.35,224.0,375.0
2025-10-01,09:33:28.000,223.8,300.0,223.5,224.1,75.0
2025-10-01,09:33:29.000,223.8,300.0,223.5,224.1,75.0
2025-10-01,09:33:30.000,223.55,300.0,223.3,223.8,75.0
2025-10-01,09:33:31.000,223.65,150.0,223.3,224.0,300.0
2025-10-01,09:33:32.000,223.65,150.0,223.3,224.0,300.0
2025-10-01,09:33:33.000,223.58,225.0,223.25,223.9,300.0
2025-10-01,09:33:34.000,223.58,225.0,223.25,223.9,300.0
2025-10-01,09:33:35.000,222.88,675.0,222.5,223.25,525.0
2025-10-01,09:33:36.000,222.98,150.0,222.75,223.2,300.0
2025-10-01,09:33:37.000,222.98,150.0,222.75,223.2,300.0
2025-10-01,09:33:38.000,223.4,525.0,223.0,223.8,825.0
2025-10-01,09:33:39.000,223.4,525.0,223.0,223.8,825.0
2025-10-01,09:33:40.000,222.25,600.0,222.0,222.5,750.0
2025-10-01,09:33:41.000,222.52,300.0,222.25,222.8,525.0
2025-10-01,09:33:42.000,222.52,300.0,222.25,222.8,525.0
2025-10-01,09:33:43.000,222.78,600.0,222.55,223.0,375.0
2025-10-01,09:33:44.000,222.78,600.0,222.55,223.0,375.0
2025-10-01,09:33:45.000,222.88,150.0,222.75,223.0,225.0
2025-10-01,09:33:46.000,222.82,375.0,222.5,223.15,525.0
2025-10-01,09:33:47.000,222.82,375.0,222.5,223.15,525.0
2025-10-01,09:33:48.000,222.4,300.0,222.1,222.7,300.0
2025-10-01,09:33:49.000,222.4,300.0,222.1,222.7,300.0
2025-10-01,09:33:50.000,222.58,300.0,222.3,222.85,75.0
2025-10-01,09:33:51.000,223.15,300.0,222.8,223.5,600.0
2025-10-01,09:33:52.000,223.15,300.0,222.8,223.5,600.0
2025-10-01,09:33:53.000,222.82,450.0,222.5,223.15,75.0
2025-10-01,09:33:54.000,222.82,450.0,222.5,223.15,75.0
2025-10-01,09:33:55.000,223.1,75.0,222.85,223.35,75.0
2025-10-01,09:33:56.000,223.35,300.0,223.0,223.7,150.0
2025-10-01,09:33:57.000,223.35,300.0,223.0,223.7,150.0
2025-10-01,09:33:58.000,223.12,75.0,222.85,223.4,525.0
2025-10-01,09:33:59.000,223.12,75.0,222.85,223.4,525.0
2025-10-01,09:34:00.000,223.58,225.0,223.25,223.9,825.0
2025-10-01,09:34:01.000,223.62,375.0,223.3,223.95,75.0
2025-10-01,09:34:02.000,223.62,375.0,223.3,223.95,75.0
2025-10-01,09:34:03.000,223.45,375.0,223.1,223.8,600.0
2025-10-01,09:34:04.000,223.45,375.0,223.1,223.8,600.0
2025-10-01,09:34:05.000,223.58,825.0,223.25,223.9,375.0
2025-10-01,09:34:06.000,223.48,150.0,223.25,223.7,75.0
2025-10-01,09:34:07.000,223.48,150.0,223.25,223.7,75.0
2025-10-01,09:34:08.000,223.52,75.0,223.2,223.85,675.0
2025-10-01,09:34:09.000,223.52,75.0,223.2,223.85,675.0
2025-10-01,09:34:10.000,223.72,225.0,223.5,223.95,75.0
2025-10-01,09:34:11.000,224.0,150.0,223.75,224.25,150.0
2025-10-01,09:34:12.000,224.0,150.0,223.75,224.25,150.0
2025-10-01,09:34:13.000,223.65,75.0,223.3,224.0,150.0
2025-10-01,09:34:14.000,223.65,75.0,223.3,224.0,150.0
2025-10-01,09:34:15.000,223.77,300.0,223.45,224.1,450.0
2025-10-01,09:34:16.000,223.92,75.0,223.75,224.1,225.0
2025-10-01,09:34:17.000,223.92,75.0,223.75,224.1,225.0
2025-10-01,09:34:18.000,224.4,75.0,224.15,224.65,225.0
2025-10-01,09:34:19.000,224.4,75.0,224.15,224.65,225.0
2025-10-01,09:34:20.000,224.23,600.0,223.9,224.55,150.0
2025-10-01,09:34:21.000,225.38,75.0,224.95,225.8,150.0
2025-10-01,09:34:22.000,225.38,75.0,224.95,225.8,150.0
2025-10-01,09:34:23.000,226.18,75.0,225.85,226.5,75.0
2025-10-01,09:34:24.000,226.18,75.0,225.85,226.5,75.0
2025-10-01,09:34:25.000,225.32,75.0,225.05,225.6,225.0
2025-10-01,09:34:26.000,224.95,375.0,224.6,225.3,75.0
2025-10-01,09:34:27.000,224.95,375.0,224.6,225.3,75.0
2025-10-01,09:34:28.000,224.58,375.0,224.35,224.8,75.0
2025-10-01,09:34:29.000,224.58,375.0,224.35,224.8,75.0
2025-10-01,09:34:30.000,224.32,600.0,224.0,224.65,225.0
2025-10-01,09:34:31.000,223.68,675.0,223.35,224.0,375.0
2025-10-01,09:34:32.000,223.68,675.0,223.35,224.0,375.0
2025-10-01,09:34:33.000,224.0,225.0,223.75,224.25,75.0
2025-10-01,09:34:34.000,224.0,225.0,223.75,224.25,75.0
2025-10-01,09:34:35.000,224.82,150.0,224.5,225.15,75.0
2025-10-01,09:34:36.000,224.92,225.0,224.75,225.1,75.0
2025-10-01,09:34:37.000,224.92,225.0,224.75,225.1,75.0
2025-10-01,09:34:38.000,224.52,375.0,224.25,224.8,75.0
2025-10-01,09:34:39.000,224.52,375.0,224.25,224.8,75.0
2025-10-01,09:34:40.000,224.58,150.0,224.25,224.9,675.0
2025-10-01,09:34:41.000,225.08,375.0,224.75,225.4,675.0
2025-10-01,09:34:42.000,225.08,375.0,224.75,225.4,675.0
2025-10-01,09:34:43.000,224.88,300.0,224.55,225.2,975.0
2025-10-01,09:34:44.000,224.23,75.0,223.9,224.55,75.0
2025-10-01,09:34:45.000,224.23,75.0,223.9,224.55,75.0
2025-10-01,09:34:46.000,224.42,75.0,224.2,224.65,75.0
2025-10-01,09:34:47.000,224.42,75.0,224.2,224.65,75.0
2025-10-01,09:34:48.000,223.92,225.0,223.6,224.25,225.0
2025-10-01,09:34:49.000,224.0,75.0,223.8,224.2,75.0
2025-10-01,09:34:50.000,224.0,75.0,223.8,224.2,75.0
2025-10-01,09:34:51.000,224.18,750.0,223.85,224.5,600.0
2025-10-01,09:34:52.000,224.18,750.0,223.85,224.5,600.0
2025-10-01,09:34:53.000,223.9,75.0,223.6,224.2,225.0
2025-10-01,09:34:54.000,223.77,525.0,223.45,224.1,750.0
2025-10-01,09:34:55.000,223.77,525.0,223.45,224.1,750.0
2025-10-01,09:34:56.000,224.42,375.0,224.1,224.75,225.0
2025-10-01,09:34:57.000,224.42,375.0,224.1,224.75,225.0
2025-10-01,09:34:58.000,224.45,75.0,224.2,224.7,525.0
2025-10-01,09:34:59.000,224.38,75.0,224.2,224.55,375.0
2025-10-01,09:35:00.000,224.38,75.0,224.2,224.55,375.0
2025-10-01,09:35:01.000,224.58,300.0,224.25,224.9,525.0
2025-10-01,09:35:02.000,224.58,300.0,224.25,224.9,525.0
2025-10-01,09:35:03.000,225.62,450.0,225.3,225.95,75.0
2025-10-01,09:35:04.000,225.6,525.0,225.25,225.95,600.0
2025-10-01,09:35:05.000,225.6,525.0,225.25,225.95,600.0
2025-10-01,09:35:06.000,226.15,525.0,225.8,226.5,450.0
2025-10-01,09:35:07.000,226.15,525.0,225.8,226.5,450.0
2025-10-01,09:35:08.000,225.72,600.0,225.35,226.1,450.0
2025-10-01,09:35:09.000,225.75,750.0,225.4,226.1,525.0
2025-10-01,09:35:10.000,225.75,750.0,225.4,226.1,525.0
2025-10-01,09:35:11.000,225.22,525.0,224.95,225.5,300.0
2025-10-01,09:35:12.000,225.22,525.0,224.95,225.5,300.0
2025-10-01,09:35:13.000,225.08,375.0,224.75,225.4,525.0
2025-10-01,09:35:14.000,225.3,225.0,225.05,225.55,75.0
2025-10-01,09:35:15.000,225.3,225.0,225.05,225.55,75.0
2025-10-01,09:35:16.000,225.15,450.0,224.8,225.5,600.0
2025-10-01,09:35:17.000,225.15,450.0,224.8,225.5,600.0
2025-10-01,09:35:18.000,225.05,225.0,224.75,225.35,525.0
2025-10-01,09:35:19.000,225.05,225.0,224.75,225.35,525.0
2025-10-01,09:35:20.000,224.88,450.0,224.55,225.2,450.0
2025-10-01,09:35:21.000,224.55,675.0,224.25,224.85,75.0
2025-10-01,09:35:22.000,224.55,675.0,224.25,224.85,75.0
2025-10-01,09:35:23.000,225.08,375.0,224.75,225.4,450.0
2025-10-01,09:35:24.000,225.08,375.0,224.75,225.4,450.0
2025-10-01,09:35:25.000,224.75,450.0,224.5,225.0,75.0
2025-10-01,09:35:26.000,225.18,75.0,224.85,225.5,225.0
2025-10-01,09:35:27.000,225.18,75.0,224.85,225.5,225.0
2025-10-01,09:35:28.000,224.9,375.0,224.55,225.25,225.0
2025-10-01,09:35:29.000,224.9,375.0,224.55,225.25,225.0
2025-10-01,09:35:30.000,225.18,300.0,224.75,225.6,450.0
2025-10-01,09:35:31.000,225.05,525.0,224.7,225.4,600.0
2025-10-01,09:35:32.000,225.05,525.0,224.7,225.4,600.0
2025-10-01,09:35:33.000,225.12,1800.0,225.0,225.25,75.0
2025-10-01,09:35:34.000,225.12,1800.0,225.0,225.25,75.0
2025-10-01,09:35:35.000,225.18,1800.0,225.0,225.35,525.0
2025-10-01,09:35:36.000,225.15,1725.0,225.0,225.3,525.0
2025-10-01,09:35:37.000,225.15,1725.0,225.0,225.3,525.0
2025-10-01,09:35:38.000,224.92,300.0,224.55,225.3,975.0
2025-10-01,09:35:39.000,224.92,300.0,224.55,225.3,975.0
2025-10-01,09:35:40.000,224.7,75.0,224.35,225.05,675.0
2025-10-01,09:35:41.000,224.78,450.0,224.5,225.05,75.0
2025-10-01,09:35:42.000,224.78,450.0,224.5,225.05,75.0
2025-10-01,09:35:43.000,224.32,450.0,224.05,224.6,75.0
2025-10-01,09:35:44.000,224.32,450.0,224.05,224.6,75.0
2025-10-01,09:35:45.000,224.3,375.0,224.05,224.55,75.0
2025-10-01,09:35:46.000,224.7,525.0,224.4,225.0,300.0
2025-10-01,09:35:47.000,224.7,525.0,224.4,225.0,300.0
2025-10-01,09:35:48.000,224.48,675.0,224.15,224.8,600.0
2025-10-01,09:35:49.000,224.48,675.0,224.15,224.8,600.0
2025-10-01,09:35:50.000,224.45,300.0,224.15,224.75,600.0
2025-10-01,09:35:51.000,223.68,675.0,223.3,224.05,900.0
2025-10-01,09:35:52.000,223.68,675.0,223.3,224.05,900.0
2025-10-01,09:35:53.000,223.38,375.0,223.05,223.7,150.0
2025-10-01,09:35:54.000,223.38,375.0,223.05,223.7,150.0
2025-10-01,09:35:55.000,222.92,300.0,222.6,223.25,1125.0
2025-10-01,09:35:56.000,222.98,600.0,222.65,223.3,450.0
2025-10-01,09:35:57.000,222.98,600.0,222.65,223.3,450.0
2025-10-01,09:35:58.000,222.6,1050.0,222.3,222.9,75.0
2025-10-01,09:35:59.000,222.73,75.0,222.4,223.05,600.0
2025-10-01,09:36:00.000,222.73,75.0,222.4,223.05,600.0
2025-10-01,09:36:01.000,222.7,300.0,222.35,223.05,75.0
2025-10-01,09:36:02.000,222.7,300.0,222.35,223.05,75.0
2025-10-01,09:36:03.000,223.3,225.0,223.0,223.6,300.0
2025-10-01,09:36:04.000,224.05,600.0,223.75,224.35,75.0
2025-10-01,09:36:05.000,224.05,600.0,223.75,224.35,75.0
2025-10-01,09:36:06.000,224.1,825.0,223.75,224.45,750.0
2025-10-01,09:36:07.000,224.1,825.0,223.75,224.45,750.0
2025-10-01,09:36:08.000,224.3,375.0,224.0,224.6,75.0
2025-10-01,09:36:09.000,224.38,600.0,224.05,224.7,525.0
2025-10-01,09:36:10.000,224.38,600.0,224.05,224.7,525.0
2025-10-01,09:36:11.000,225.32,750.0,224.95,225.7,825.0
2025-10-01,09:36:12.000,225.32,750.0,224.95,225.7,825.0
2025-10-01,09:36:13.000,226.12,75.0,225.85,226.4,75.0
2025-10-01,09:36:14.000,225.8,300.0,225.45,226.15,750.0
2025-10-01,09:36:15.000,225.8,300.0,225.45,226.15,750.0
2025-10-01,09:36:16.000,225.45,300.0,225.15,225.75,600.0
2025-10-01,09:36:17.000,225.45,300.0,225.15,225.75,600.0
2025-10-01,09:36:18.000,225.68,450.0,225.35,226.0,375.0
2025-10-01,09:36:19.000,225.48,75.0,225.3,225.65,375.0
2025-10-01,09:36:20.000,225.48,75.0,225.3,225.65,375.0
2025-10-01,09:36:21.000,226.0,825.0,225.7,226.3,75.0
2025-10-01,09:36:22.000,226.0,825.0,225.7,226.3,75.0
2025-10-01,09:36:23.000,226.0,675.0,225.7,226.3,75.0
2025-10-01,09:36:24.000,225.48,75.0,225.3,225.65,225.0
2025-10-01,09:36:25.000,225.48,75.0,225.3,225.65,225.0
2025-10-01,09:36:26.000,225.77,75.0,225.45,226.1,750.0
2025-10-01,09:36:27.000,225.77,75.0,225.45,226.1,750.0
2025-10-01,09:36:28.000,225.78,600.0,225.4,226.15,825.0
2025-10-01,09:36:29.000,225.6,375.0,225.3,225.9,75.0
2025-10-01,09:36:30.000,225.6,375.0,225.3,225.9,75.0
2025-10-01,09:36:31.000,225.65,225.0,225.3,226.0,1050.0
2025-10-01,09:36:32.000,225.65,225.0,225.3,226.0,1050.0
2025-10-01,09:36:33.000,225.9,525.0,225.55,226.25,300.0
2025-10-01,09:36:34.000,226.35,450.0,225.95,226.75,525.0
2025-10-01,09:36:35.000,226.35,450.0,225.95,226.75,525.0
2025-10-01,09:36:36.000,225.78,975.0,225.4,226.15,600.0
2025-10-01,09:36:37.000,225.78,975.0,225.4,226.15,600.0
2025-10-01,09:36:38.000,225.77,1125.0,225.35,226.2,975.0
2025-10-01,09:36:39.000,225.85,450.0,225.5,226.2,600.0
2025-10-01,09:36:40.000,225.85,450.0,225.5,226.2,600.0
2025-10-01,09:36:41.000,226.5,300.0,226.1,226.9,900.0
2025-10-01,09:36:42.000,226.5,300.0,226.1,226.9,900.0
2025-10-01,09:36:43.000,226.52,1050.0,226.1,226.95,1050.0
2025-10-01,09:36:44.000,226.85,525.0,226.5,227.2,750.0
2025-10-01,09:36:45.000,226.85,525.0,226.5,227.2,750.0
2025-10-01,09:36:46.000,226.45,525.0,226.05,226.85,1050.0
2025-10-01,09:36:47.000,226.45,525.0,226.05,226.85,1050.0
2025-10-01,09:36:48.000,226.18,300.0,225.8,226.55,600.0
2025-10-01,09:36:49.000,226.32,750.0,226.0,226.65,450.0
2025-10-01,09:36:50.000,226.32,750.0,226.0,226.65,450.0
2025-10-01,09:36:51.000,226.52,300.0,226.15,226.9,1200.0
2025-10-01,09:36:52.000,226.52,300.0,226.15,226.9,1200.0
2025-10-01,09:36:53.000,226.25,750.0,226.0,226.5,150.0
2025-10-01,09:36:54.000,226.25,750.0,226.0,226.5,525.0
2025-10-01,09:36:55.000,226.25,750.0,226.0,226.5,525.0
2025-10-01,09:36:56.000,226.25,750.0,226.0,226.5,75.0
2025-10-01,09:36:57.000,226.25,750.0,226.0,226.5,75.0
2025-10-01,09:36:58.000,226.25,750.0,226.0,226.5,375.0
2025-10-01,09:36:59.000,226.28,750.0,226.0,226.55,300.0
2025-10-01,09:37:00.000,226.28,750.0,226.0,226.55,300.0
2025-10-01,09:37:01.000,225.75,150.0,225.4,226.1,75.0
2025-10-01,09:37:02.000,225.75,150.0,225.4,226.1,75.0
2025-10-01,09:37:03.000,225.5,675.0,225.1,225.9,450.0
2025-10-01,09:37:04.000,225.4,375.0,225.15,225.65,75.0
2025-10-01,09:37:05.000,225.4,375.0,225.15,225.65,75.0
2025-10-01,09:37:06.000,226.22,300.0,225.95,226.5,75.0
2025-10-01,09:37:07.000,226.22,300.0,225.95,226.5,75.0
2025-10-01,09:37:08.000,226.85,225.0,226.5,227.2,825.0
2025-10-01,09:37:09.000,226.65,675.0,226.3,227.0,975.0
2025-10-01,09:37:10.000,226.65,675.0,226.3,227.0,975.0
2025-10-01,09:37:11.000,226.28,450.0,226.0,226.55,75.0
2025-10-01,09:37:12.000,226.28,450.0,226.0,226.55,75.0
2025-10-01,09:37:13.000,226.25,300.0,225.95,226.55,300.0
2025-10-01,09:37:14.000,226.5,300.0,226.1,226.9,600.0
2025-10-01,09:37:15.000,226.5,300.0,226.1,226.9,600.0
2025-10-01,09:37:16.000,225.7,75.0,225.35,226.05,150.0
2025-10-01,09:37:17.000,225.7,75.0,225.35,226.05,150.0
2025-10-01,09:37:18.000,225.85,450.0,225.5,226.2,150.0
2025-10-01,09:37:19.000,225.85,450.0,225.5,226.2,150.0
2025-10-01,09:37:20.000,225.85,450.0,225.5,226.2,150.0
2025-10-01,09:37:21.000,226.0,300.0,225.75,226.25,75.0
2025-10-01,09:37:22.000,226.0,450.0,225.75,226.25,75.0
2025-10-01,09:37:23.000,226.0,450.0,225.75,226.25,75.0
2025-10-01,09:37:24.000,226.0,300.0,225.75,226.25,75.0
2025-10-01,09:37:25.000,226.0,300.0,225.75,226.25,75.0
2025-10-01,09:37:26.000,226.4,675.0,226.05,226.75,75.0
2025-10-01,09:37:27.000,226.35,750.0,226.05,226.65,225.0
2025-10-01,09:37:28.000,226.35,750.0,226.05,226.65,225.0
2025-10-01,09:37:29.000,226.48,300.0,226.15,226.8,1050.0
2025-10-01,09:37:30.000,226.48,300.0,226.15,226.8,1050.0
2025-10-01,09:37:31.000,226.52,300.0,226.25,226.8,75.0
2025-10-01,09:37:32.000,226.42,1050.0,226.05,226.8,525.0
2025-10-01,09:37:33.000,226.42,1050.0,226.05,226.8,525.0
2025-10-01,09:37:34.000,226.32,975.0,225.95,226.7,750.0
2025-10-01,09:37:35.000,226.32,975.0,225.95,226.7,750.0
2025-10-01,09:37:36.000,226.23,300.0,225.9,226.55,900.0
2025-10-01,09:37:37.000,226.45,525.0,226.35,226.55,225.0
2025-10-01,09:37:38.000,226.45,525.0,226.35,226.55,225.0
2025-10-01,09:37:39.000,226.15,675.0,225.8,226.5,150.0
2025-10-01,09:37:40.000,226.15,675.0,225.8,226.5,150.0
2025-10-01,09:37:41.000,225.8,450.0,225.5,226.1,150.0
2025-10-01,09:37:42.000,226.15,300.0,225.9,226.4,150.0
2025-10-01,09:37:43.000,226.15,300.0,225.9,226.4,150.0
2025-10-01,09:37:44.000,226.3,300.0,225.95,226.65,600.0
2025-10-01,09:37:45.000,226.3,300.0,225.95,226.65,600.0
2025-10-01,09:37:46.000,226.38,900.0,226.1,226.65,75.0
2025-10-01,09:37:47.000,226.3,525.0,226.05,226.55,75.0
2025-10-01,09:37:48.000,226.3,525.0,226.05,226.55,75.0
2025-10-01,09:37:49.000,226.65,300.0,226.25,227.05,900.0
2025-10-01,09:37:50.000,226.65,300.0,226.25,227.05,900.0
2025-10-01,09:37:51.000,226.73,75.0,226.4,227.05,600.0
2025-10-01,09:37:52.000,226.3,525.0,226.05,226.55,75.0
2025-10-01,09:37:53.000,226.3,525.0,226.05,226.55,75.0
2025-10-01,09:37:54.000,226.38,975.0,226.0,226.75,900.0
2025-10-01,09:37:55.000,226.38,975.0,226.0,226.75,900.0
2025-10-01,09:37:56.000,226.28,675.0,226.0,226.55,150.0
2025-10-01,09:37:57.000,225.88,1125.0,225.55,226.2,150.0
2025-10-01,09:37:58.000,225.88,1125.0,225.55,226.2,150.0
2025-10-01,09:37:59.000,225.85,300.0,225.55,226.15,225.0
2025-10-01,09:38:00.000,225.85,300.0,225.55,226.15,225.0
2025-10-01,09:38:01.000,225.52,525.0,225.2,225.85,300.0
2025-10-01,09:38:02.000,225.4,600.0,225.05,225.75,900.0
2025-10-01,09:38:03.000,225.4,600.0,225.05,225.75,900.0
2025-10-01,09:38:04.000,224.88,225.0,224.55,225.2,150.0
2025-10-01,09:38:05.000,224.88,225.0,224.55,225.2,150.0
2025-10-01,09:38:06.000,224.55,150.0,224.25,224.85,525.0
2025-10-01,09:38:07.000,224.58,525.0,224.25,224.9,75.0
2025-10-01,09:38:08.000,224.58,525.0,224.25,224.9,75.0
2025-10-01,09:38:09.000,225.15,675.0,224.8,225.5,1125.0
2025-10-01,09:38:10.000,225.15,675.0,224.8,225.5,1125.0
2025-10-01,09:38:11.000,225.05,150.0,224.75,225.35,600.0
2025-10-01,09:38:12.000,224.55,225.0,224.25,224.85,75.0
2025-10-01,09:38:13.000,224.55,225.0,224.25,224.85,75.0
2025-10-01,09:38:14.000,224.45,1275.0,224.1,224.8,150.0
2025-10-01,09:38:15.000,224.45,1275.0,224.1,224.8,150.0
2025-10-01,09:38:16.000,224.55,525.0,224.35,224.75,450.0
2025-10-01,09:38:17.000,224.7,525.0,224.4,225.0,450.0
2025-10-01,09:38:18.000,224.7,525.0,224.4,225.0,450.0
2025-10-01,09:38:19.000,225.6,675.0,225.25,225.95,825.0
2025-10-01,09:38:20.000,225.6,675.0,225.25,225.95,825.0
2025-10-01,09:38:21.000,225.7,75.0,225.4,226.0,675.0
2025-10-01,09:38:22.000,225.6,525.0,225.25,225.95,825.0
2025-10-01,09:38:23.000,225.6,525.0,225.25,225.95,825.0
2025-10-01,09:38:24.000,225.55,1050.0,225.2,225.9,1050.0
2025-10-01,09:38:25.000,225.55,1050.0,225.2,225.9,1050.0
2025-10-01,09:38:26.000,224.58,225.0,224.25,224.9,450.0
2025-10-01,09:38:27.000,223.68,1050.0,223.3,224.05,900.0
2025-10-01,09:38:28.000,223.68,1050.0,223.3,224.05,900.0
2025-10-01,09:38:29.000,223.7,375.0,223.4,224.0,300.0
2025-10-01,09:38:30.000,223.7,375.0,223.4,224.0,300.0
2025-10-01,09:38:31.000,224.05,975.0,223.7,224.4,525.0
2025-10-01,09:38:32.000,224.35,975.0,223.9,224.8,750.0
2025-10-01,09:38:33.000,224.35,975.0,223.9,224.8,750.0
2025-10-01,09:38:34.000,224.45,1350.0,224.1,224.8,525.0
2025-10-01,09:38:35.000,224.45,1350.0,224.1,224.8,525.0
2025-10-01,09:38:36.000,224.85,525.0,224.5,225.2,300.0
2025-10-01,09:38:37.000,224.9,75.0,224.6,225.2,75.0
2025-10-01,09:38:38.000,224.9,75.0,224.6,225.2,75.0
2025-10-01,09:38:39.000,225.15,450.0,224.8,225.5,1050.0
2025-10-01,09:38:40.000,225.15,450.0,224.8,225.5,1050.0
2025-10-01,09:38:41.000,225.25,300.0,224.95,225.55,225.0
2025-10-01,09:38:42.000,224.72,300.0,224.45,225.0,225.0
2025-10-01,09:38:43.000,224.72,300.0,224.45,225.0,225.0
2025-10-01,09:38:44.000,225.0,75.0,224.65,225.35,450.0
2025-10-01,09:38:45.000,224.95,525.0,224.6,225.3,825.0
2025-10-01,09:38:46.000,224.95,525.0,224.6,225.3,825.0
2025-10-01,09:38:47.000,225.38,900.0,225.05,225.7,300.0
2025-10-01,09:38:48.000,225.38,900.0,225.05,225.7,300.0
2025-10-01,09:38:49.000,225.38,375.0,225.05,225.7,525.0
2025-10-01,09:38:50.000,225.45,375.0,225.1,225.8,600.0
2025-10-01,09:38:51.000,225.45,375.0,225.1,225.8,600.0
2025-10-01,09:38:52.000,225.38,300.0,225.05,225.7,225.0
2025-10-01,09:38:53.000,225.38,300.0,225.05,225.7,225.0
2025-10-01,09:38:54.000,225.18,300.0,224.85,225.5,900.0
2025-10-01,09:38:55.000,224.58,525.0,224.25,224.9,75.0
2025-10-01,09:38:56.000,224.58,525.0,224.25,224.9,75.0
2025-10-01,09:38:57.000,224.6,600.0,224.25,224.95,1050.0
2025-10-01,09:38:58.000,224.6,600.0,224.25,224.95,1050.0
2025-10-01,09:38:59.000,224.62,375.0,224.3,224.95,300.0
2025-10-01,09:39:00.000,224.8,825.0,224.5,225.1,150.0
2025-10-01,09:39:01.000,224.8,825.0,224.5,225.1,150.0
2025-10-01,09:39:02.000,224.52,150.0,224.25,224.8,225.0
2025-10-01,09:39:03.000,224.52,150.0,224.25,224.8,225.0
2025-10-01,09:39:04.000,224.3,225.0,224.0,224.6,150.0
2025-10-01,09:39:05.000,224.78,150.0,224.5,225.05,375.0
2025-10-01,09:39:06.000,224.78,150.0,224.5,225.05,375.0
2025-10-01,09:39:07.000,225.35,75.0,225.0,225.7,975.0
2025-10-01,09:39:08.000,225.35,75.0,225.0,225.7,975.0
2025-10-01,09:39:09.000,224.98,300.0,224.65,225.3,525.0
2025-10-01,09:39:10.000,225.08,300.0,224.75,225.4,525.0
2025-10-01,09:39:11.000,225.08,300.0,224.75,225.4,525.0
2025-10-01,09:39:12.000,225.15,525.0,224.85,225.45,450.0
2025-10-01,09:39:13.000,225.15,525.0,224.85,225.45,450.0
2025-10-01,09:39:14.000,225.25,750.0,224.9,225.6,75.0
2025-10-01,09:39:15.000,225.65,300.0,225.3,226.0,450.0
2025-10-01,09:39:16.000,225.65,300.0,225.3,226.0,450.0
2025-10-01,09:39:17.000,226.12,1050.0,225.75,226.5,675.0
2025-10-01,09:39:18.000,226.12,1050.0,225.75,226.5,675.0
2025-10-01,09:39:19.000,226.32,525.0,226.0,226.65,300.0
2025-10-01,09:39:20.000,226.2,450.0,226.1,226.3,225.0
2025-10-01,09:39:21.000,226.2,450.0,226.1,226.3,225.0
2025-10-01,09:39:22.000,226.42,600.0,226.2,226.65,75.0
2025-10-01,09:39:23.000,226.42,600.0,226.2,226.65,75.0
2025-10-01,09:39:24.000,226.0,450.0,225.7,226.3,75.0
2025-10-01,09:39:25.000,226.18,300.0,225.85,226.5,900.0
2025-10-01,09:39:26.000,226.18,300.0,225.85,226.5,900.0
2025-10-01,09:39:27.000,226.18,300.0,225.85,226.5,525.0
2025-10-01,09:39:28.000,226.18,300.0,225.85,226.5,525.0
2025-10-01,09:39:29.000,226.62,75.0,226.3,226.95,75.0
2025-10-01,09:39:30.000,227.6,75.0,227.35,227.85,75.0
2025-10-01,09:39:31.000,227.6,75.0,227.35,227.85,75.0
2025-10-01,09:39:32.000,227.32,150.0,227.15,227.5,225.0
2025-10-01,09:39:33.000,227.32,150.0,227.15,227.5,225.0
2025-10-01,09:39:34.000,227.88,75.0,227.75,228.0,225.0
2025-10-01,09:39:35.000,227.68,600.0,227.4,227.95,225.0
2025-10-01,09:39:36.000,227.68,600.0,227.4,227.95,225.0
2025-10-01,09:39:37.000,227.38,1125.0,227.05,227.7,300.0
2025-10-01,09:39:38.000,227.38,1125.0,227.05,227.7,300.0
2025-10-01,09:39:39.000,227.02,225.0,226.75,227.3,75.0
2025-10-01,09:39:40.000,227.38,300.0,227.05,227.7,450.0
2025-10-01,09:39:41.000,227.38,300.0,227.05,227.7,450.0
2025-10-01,09:39:42.000,227.65,375.0,227.3,228.0,825.0
2025-10-01,09:39:43.000,227.65,375.0,227.3,228.0,825.0
2025-10-01,09:39:44.000,227.85,1050.0,227.55,228.15,75.0
2025-10-01,09:39:45.000,227.35,375.0,227.0,227.7,75.0
2025-10-01,09:39:46.000,227.35,375.0,227.0,227.7,75.0
2025-10-01,09:39:47.000,227.62,975.0,227.35,227.9,75.0
2025-10-01,09:39:48.000,227.62,975.0,227.35,227.9,75.0
2025-10-01,09:39:49.000,227.6,1050.0,227.3,227.9,300.0
2025-10-01,09:39:50.000,227.58,375.0,227.25,227.9,375.0
2025-10-01,09:39:51.000,227.58,375.0,227.25,227.9,375.0
2025-10-01,09:39:52.000,227.82,1200.0,227.5,228.15,75.0
2025-10-01,09:39:53.000,227.82,1200.0,227.5,228.15,75.0
2025-10-01,09:39:54.000,227.32,525.0,227.0,227.65,375.0
2025-10-01,09:39:55.000,227.38,900.0,227.0,227.75,525.0
2025-10-01,09:39:56.000,227.38,900.0,227.0,227.75,525.0
2025-10-01,09:39:57.000,227.25,150.0,227.0,227.5,450.0
2025-10-01,09:39:58.000,227.25,150.0,227.0,227.5,450.0
2025-10-01,09:39:59.000,227.02,300.0,226.7,227.35,600.0
2025-10-01,09:40:00.000,227.08,825.0,226.75,227.4,675.0
2025-10-01,09:40:01.000,227.08,825.0,226.75,227.4,675.0
2025-10-01,09:40:02.000,226.95,525.0,226.6,227.3,900.0
2025-10-01,09:40:03.000,226.95,525.0,226.6,227.3,900.0
2025-10-01,09:40:04.000,226.8,225.0,226.5,227.1,300.0
2025-10-01,09:40:05.000,227.18,675.0,226.85,227.5,300.0
2025-10-01,09:40:06.000,227.18,675.0,226.85,227.5,300.0
2025-10-01,09:40:07.000,227.3,750.0,227.0,227.6,150.0
2025-10-01,09:40:08.000,227.3,750.0,227.0,227.6,150.0
2025-10-01,09:40:09.000,227.08,525.0,226.75,227.4,450.0
2025-10-01,09:40:10.000,227.08,750.0,226.75,227.4,300.0
2025-10-01,09:40:11.000,227.08,750.0,226.75,227.4,300.0
2025-10-01,09:40:12.000,227.1,150.0,226.75,227.45,375.0
2025-10-01,09:40:13.000,227.1,150.0,226.75,227.45,375.0
2025-10-01,09:40:14.000,226.65,750.0,226.3,227.0,300.0
2025-10-01,09:40:15.000,226.25,150.0,226.0,226.5,75.0
2025-10-01,09:40:16.000,226.25,150.0,226.0,226.5,75.0
2025-10-01,09:40:17.000,226.52,225.0,226.25,226.8,450.0
2025-10-01,09:40:18.000,226.52,225.0,226.25,226.8,450.0
2025-10-01,09:40:19.000,226.25,150.0,226.0,226.5,225.0
2025-10-01,09:40:20.000,226.38,900.0,226.05,226.7,375.0
2025-10-01,09:40:21.000,226.38,900.0,226.05,226.7,375.0
2025-10-01,09:40:22.000,226.0,150.0,225.75,226.25,75.0
2025-10-01,09:40:23.000,226.0,150.0,225.75,226.25,75.0
2025-10-01,09:40:24.000,225.82,525.0,225.5,226.15,675.0
2025-10-01,09:40:25.000,226.05,150.0,225.75,226.35,75.0
2025-10-01,09:40:26.000,226.05,150.0,225.75,226.35,75.0
2025-10-01,09:40:27.000,226.15,300.0,225.8,226.5,750.0
2025-10-01,09:40:28.000,226.15,300.0,225.8,226.5,750.0
2025-10-01,09:40:29.000,225.82,1050.0,225.5,226.15,300.0
2025-10-01,09:40:30.000,225.85,825.0,225.5,226.2,1050.0
2025-10-01,09:40:31.000,225.85,825.0,225.5,226.2,1050.0
2025-10-01,09:40:32.000,225.75,825.0,225.4,226.1,75.0
2025-10-01,09:40:33.000,225.75,825.0,225.4,226.1,75.0
2025-10-01,09:40:34.000,225.5,225.0,225.25,225.75,75.0
2025-10-01,09:40:35.000,226.1,975.0,225.8,226.4,75.0
2025-10-01,09:40:36.000,226.1,975.0,225.8,226.4,75.0
2025-10-01,09:40:37.000,225.7,975.0,225.4,226.0,150.0
2025-10-01,09:40:38.000,225.7,975.0,225.4,226.0,150.0
2025-10-01,09:40:39.000,225.25,750.0,225.0,225.5,375.0
2025-10-01,09:40:40.000,225.38,825.0,225.05,225.7,600.0
2025-10-01,09:40:41.000,225.38,825.0,225.05,225.7,600.0
2025-10-01,09:40:42.000,225.32,900.0,225.0,225.65,450.0
2025-10-01,09:40:43.000,225.32,900.0,225.0,225.65,450.0
2025-10-01,09:40:44.000,224.85,750.0,224.55,225.15,150.0
2025-10-01,09:40:45.000,224.98,150.0,224.75,225.2,75.0
2025-10-01,09:40:46.000,224.98,150.0,224.75,225.2,75.0
2025-10-01,09:40:47.000,226.27,900.0,225.95,226.6,75.0
2025-10-01,09:40:48.000,226.27,900.0,225.95,226.6,75.0
2025-10-01,09:40:49.000,226.95,300.0,226.6,227.3,525.0
2025-10-01,09:40:50.000,226.72,450.0,226.35,227.1,825.0
2025-10-01,09:40:51.000,226.72,450.0,226.35,227.1,825.0
2025-10-01,09:40:52.000,226.62,525.0,226.35,226.9,75.0
2025-10-01,09:40:53.000,226.62,525.0,226.35,226.9,75.0
2025-10-01,09:40:54.000,227.05,600.0,226.7,227.4,75.0
2025-10-01,09:40:55.000,227.35,600.0,227.05,227.65,150.0
2025-10-01,09:40:56.000,227.35,600.0,227.05,227.65,150.0
2025-10-01,09:40:57.000,227.0,300.0,226.65,227.35,1125.0
2025-10-01,09:40:58.000,227.0,300.0,226.65,227.35,1125.0
2025-10-01,09:40:59.000,226.65,450.0,226.25,227.05,675.0
2025-10-01,09:41:00.000,226.98,300.0,226.65,227.3,900.0
2025-10-01,09:41:01.000,226.98,300.0,226.65,227.3,900.0
2025-10-01,09:41:02.000,227.62,300.0,227.3,227.95,600.0
2025-10-01,09:41:03.000,227.62,300.0,227.3,227.95,600.0
2025-10-01,09:41:04.000,228.15,300.0,227.8,228.5,825.0
2025-10-01,09:41:05.000,228.42,300.0,228.1,228.75,825.0
2025-10-01,09:41:06.000,228.42,300.0,228.1,228.75,825.0
2025-10-01,09:41:07.000,228.12,600.0,227.75,228.5,600.0
2025-10-01,09:41:08.000,228.12,600.0,227.75,228.5,600.0
2025-10-01,09:41:09.000,228.18,525.0,227.85,228.5,525.0
2025-10-01,09:41:10.000,228.2,300.0,227.9,228.5,225.0
2025-10-01,09:41:11.000,228.2,300.0,227.9,228.5,225.0
2025-10-01,09:41:12.000,228.78,300.0,228.65,228.9,75.0
2025-10-01,09:41:13.000,228.78,300.0,228.65,228.9,75.0
2025-10-01,09:41:14.000,229.0,300.0,228.85,229.15,75.0
2025-10-01,09:41:15.000,229.2,150.0,229.0,229.4,75.0
2025-10-01,09:41:16.000,229.2,150.0,229.0,229.4,75.0
2025-10-01,09:41:17.000,229.12,300.0,228.9,229.35,75.0
2025-10-01,09:41:18.000,229.12,300.0,228.9,229.35,75.0
2025-10-01,09:41:19.000,228.88,150.0,228.75,229.0,75.0
2025-10-01,09:41:20.000,228.82,300.0,228.65,229.0,75.0
2025-10-01,09:41:21.000,228.82,300.0,228.65,229.0,75.0
2025-10-01,09:41:22.000,228.88,300.0,228.6,229.15,225.0
2025-10-01,09:41:23.000,228.88,300.0,228.6,229.15,225.0
2025-10-01,09:41:24.000,228.7,300.0,228.4,229.0,375.0
2025-10-01,09:41:25.000,228.45,300.0,228.15,228.75,750.0
2025-10-01,09:41:26.000,228.45,300.0,228.15,228.75,750.0
2025-10-01,09:41:27.000,227.85,225.0,227.5,228.2,450.0
2025-10-01,09:41:28.000,228.1,675.0,227.75,228.45,1050.0
2025-10-01,09:41:29.000,228.1,675.0,227.75,228.45,1050.0
2025-10-01,09:41:30.000,227.95,525.0,227.6,228.3,900.0
2025-10-01,09:41:31.000,227.95,525.0,227.6,228.3,900.0
2025-10-01,09:41:32.000,228.08,525.0,227.75,228.4,750.0
2025-10-01,09:41:33.000,227.52,750.0,227.1,227.95,675.0
2025-10-01,09:41:34.000,227.52,750.0,227.1,227.95,675.0
2025-10-01,09:41:35.000,227.65,1125.0,227.3,228.0,600.0
2025-10-01,09:41:36.000,227.65,1125.0,227.3,228.0,600.0
2025-10-01,09:41:37.000,227.98,1050.0,227.6,228.35,150.0
2025-10-01,09:41:38.000,227.75,150.0,227.5,228.0,225.0
2025-10-01,09:41:39.000,227.75,150.0,227.5,228.0,225.0
2025-10-01,09:41:40.000,228.52,300.0,228.2,228.85,450.0
2025-10-01,09:41:41.000,228.52,300.0,228.2,228.85,450.0
2025-10-01,09:41:42.000,228.62,1425.0,228.25,229.0,525.0
2025-10-01,09:41:43.000,228.5,750.0,228.15,228.85,450.0
2025-10-01,09:41:44.000,228.5,750.0,228.15,228.85,450.0
2025-10-01,09:41:45.000,228.12,825.0,227.8,228.45,75.0
2025-10-01,09:41:46.000,228.12,825.0,227.8,228.45,75.0
2025-10-01,09:41:47.000,228.02,750.0,227.65,228.4,900.0
2025-10-01,09:41:48.000,228.15,975.0,227.8,228.5,375.0
2025-10-01,09:41:49.000,228.15,975.0,227.8,228.5,375.0
2025-10-01,09:41:50.000,227.85,300.0,227.5,228.2,450.0
2025-10-01,09:41:51.000,227.85,300.0,227.5,228.2,450.0
2025-10-01,09:41:52.000,228.05,225.0,227.75,228.35,75.0
2025-10-01,09:41:53.000,227.85,375.0,227.5,228.2,525.0
2025-10-01,09:41:54.000,227.85,375.0,227.5,228.2,525.0
2025-10-01,09:41:55.000,228.1,225.0,227.75,228.45,450.0
2025-10-01,09:41:56.000,228.1,225.0,227.75,228.45,450.0
2025-10-01,09:41:57.000,227.88,150.0,227.5,228.25,825.0
2025-10-01,09:41:58.000,228.38,1125.0,228.0,228.75,225.0
2025-10-01,09:41:59.000,228.38,1125.0,228.0,228.75,225.0
2025-10-01,09:42:00.000,228.38,375.0,228.0,228.75,375.0
2025-10-01,09:42:01.000,228.38,375.0,228.0,228.75,375.0
2025-10-01,09:42:02.000,228.35,525.0,228.0,228.7,900.0
2025-10-01,09:42:03.000,228.65,450.0,228.25,229.05,150.0
2025-10-01,09:42:04.000,228.65,450.0,228.25,229.05,150.0
2025-10-01,09:42:05.000,228.38,450.0,228.05,228.7,225.0
2025-10-01,09:42:06.000,228.38,450.0,228.05,228.7,225.0
2025-10-01,09:42:07.000,228.48,525.0,228.1,228.85,1275.0
2025-10-01,09:42:08.000,228.38,525.0,228.0,228.75,450.0
2025-10-01,09:42:09.000,228.38,525.0,228.0,228.75,450.0
2025-10-01,09:42:10.000,228.68,75.0,228.35,229.0,150.0
2025-10-01,09:42:11.000,228.68,75.0,228.35,229.0,150.0
2025-10-01,09:42:12.000,228.35,600.0,228.0,228.7,1050.0
2025-10-01,09:42:13.000,228.35,600.0,228.0,228.7,1050.0
2025-10-01,09:42:14.000,228.38,1425.0,228.0,228.75,525.0
2025-10-01,09:42:15.000,228.18,450.0,227.85,228.5,75.0
2025-10-01,09:42:16.000,228.18,450.0,227.85,228.5,75.0
2025-10-01,09:42:17.000,228.18,75.0,227.85,228.5,375.0
2025-10-01,09:42:18.000,228.18,75.0,227.85,228.5,375.0
2025-10-01,09:42:19.000,228.65,450.0,228.3,229.0,450.0
2025-10-01,09:42:20.000,228.6,900.0,228.25,228.95,75.0
2025-10-01,09:42:21.000,228.6,900.0,228.25,228.95,75.0
2025-10-01,09:42:22.000,229.15,75.0,228.8,229.5,375.0
2025-10-01,09:42:23.000,229.15,75.0,228.8,229.5,375.0
2025-10-01,09:42:24.000,229.68,675.0,229.35,230.0,300.0
2025-10-01,09:42:25.000,230.38,600.0,230.0,230.75,450.0
2025-10-01,09:42:26.000,230.38,600.0,230.0,230.75,450.0
2025-10-01,09:42:27.000,230.48,1125.0,230.2,230.75,150.0
2025-10-01,09:42:28.000,230.48,1125.0,230.2,230.75,150.0
2025-10-01,09:42:29.000,230.2,75.0,229.9,230.5,375.0
2025-10-01,09:42:30.000,230.25,75.0,230.0,230.5,225.0
2025-10-01,09:42:31.000,230.25,75.0,230.0,230.5,225.0
2025-10-01,09:42:32.000,229.85,825.0,229.6,230.1,75.0
2025-10-01,09:42:33.000,229.85,825.0,229.6,230.1,75.0
2025-10-01,09:42:34.000,230.42,750.0,230.1,230.75,150.0
2025-10-01,09:42:35.000,230.42,75.0,230.1,230.75,900.0
2025-10-01,09:42:36.000,230.42,75.0,230.1,230.75,900.0
2025-10-01,09:42:37.000,229.95,300.0,229.65,230.25,75.0
2025-10-01,09:42:38.000,229.95,300.0,229.65,230.25,75.0
2025-10-01,09:42:39.000,230.02,525.0,229.8,230.25,75.0
2025-10-01,09:42:40.000,230.65,450.0,230.3,231.0,450.0
2025-10-01,09:42:41.000,230.65,450.0,230.3,231.0,450.0
2025-10-01,09:42:42.000,231.2,300.0,230.9,231.5,675.0
2025-10-01,09:42:43.000,231.2,300.0,230.9,231.5,675.0
2025-10-01,09:42:44.000,230.68,525.0,230.35,231.0,225.0
2025-10-01,09:42:45.000,230.48,375.0,230.2,230.75,225.0
2025-10-01,09:42:46.000,230.48,375.0,230.2,230.75,225.0
2025-10-01,09:42:47.000,230.85,825.0,230.6,231.1,75.0
2025-10-01,09:42:48.000,230.85,825.0,230.6,231.1,75.0
2025-10-01,09:42:49.000,230.6,600.0,230.25,230.95,750.0
2025-10-01,09:42:50.000,230.12,750.0,229.85,230.4,225.0
2025-10-01,09:42:51.000,230.12,750.0,229.85,230.4,225.0
2025-10-01,09:42:52.000,230.25,75.0,230.0,230.5,450.0
2025-10-01,09:42:53.000,230.25,75.0,230.0,230.5,450.0
2025-10-01,09:42:54.000,230.25,75.0,230.0,230.5,825.0
2025-10-01,09:42:55.000,230.22,75.0,230.0,230.45,900.0
2025-10-01,09:42:56.000,230.22,75.0,230.0,230.45,900.0
2025-10-01,09:42:57.000,229.8,225.0,229.5,230.1,900.0
2025-10-01,09:42:58.000,229.8,225.0,229.5,230.1,900.0
2025-10-01,09:42:59.000,230.25,1125.0,229.95,230.55,375.0
2025-10-01,09:43:00.000,230.08,300.0,229.75,230.4,825.0
2025-10-01,09:43:01.000,230.08,300.0,229.75,230.4,825.0
2025-10-01,09:43:02.000,230.3,1350.0,230.0,230.6,225.0
2025-10-01,09:43:03.000,230.3,1350.0,230.0,230.6,225.0
2025-10-01,09:43:04.000,230.38,675.0,230.05,230.7,75.0
2025-10-01,09:43:05.000,229.75,1425.0,229.35,230.15,1125.0
2025-10-01,09:43:06.000,229.75,1425.0,229.35,230.15,1125.0
2025-10-01,09:43:07.000,229.65,675.0,229.3,230.0,75.0
2025-10-01,09:43:08.000,229.65,675.0,229.3,230.0,75.0
2025-10-01,09:43:09.000,229.8,1425.0,229.5,230.1,75.0
2025-10-01,09:43:10.000,229.82,600.0,229.45,230.2,525.0
2025-10-01,09:43:11.000,229.82,600.0,229.45,230.2,525.0
2025-10-01,09:43:12.000,229.7,900.0,229.4,230.0,225.0
2025-10-01,09:43:13.000,229.7,900.0,229.4,230.0,225.0
2025-10-01,09:43:14.000,229.6,675.0,229.25,229.95,1050.0
2025-10-01,09:43:15.000,229.68,525.0,229.35,230.0,300.0
2025-10-01,09:43:16.000,229.68,525.0,229.35,230.0,300.0
2025-10-01,09:43:17.000,229.68,675.0,229.35,230.0,675.0
2025-10-01,09:43:18.000,229.68,675.0,229.35,230.0,675.0
2025-10-01,09:43:19.000,230.42,1200.0,230.1,230.75,225.0
2025-10-01,09:43:20.000,230.42,1275.0,230.1,230.75,750.0
2025-10-01,09:43:21.000,230.42,1275.0,230.1,230.75,750.0
2025-10-01,09:43:22.000,232.02,450.0,231.6,232.45,525.0
2025-10-01,09:43:23.000,232.02,450.0,231.6,232.45,525.0
2025-10-01,09:43:24.000,231.62,1125.0,231.25,232.0,225.0
2025-10-01,09:43:25.000,231.75,300.0,231.4,232.1,150.0
2025-10-01,09:43:26.000,231.75,300.0,231.4,232.1,150.0
2025-10-01,09:43:27.000,231.8,750.0,231.5,232.1,75.0
2025-10-01,09:43:28.000,231.05,450.0,230.65,231.45,975.0
2025-10-01,09:43:29.000,231.05,450.0,230.65,231.45,975.0
2025-10-01,09:43:30.000,231.23,450.0,230.9,231.55,75.0
2025-10-01,09:43:31.000,231.23,450.0,230.9,231.55,75.0
2025-10-01,09:43:32.000,230.35,375.0,230.0,230.7,900.0
2025-10-01,09:43:33.000,230.42,450.0,230.05,230.8,300.0
2025-10-01,09:43:34.000,230.42,450.0,230.05,230.8,300.0
2025-10-01,09:43:35.000,230.2,75.0,229.8,230.6,1275.0
2025-10-01,09:43:36.000,230.2,75.0,229.8,230.6,1275.0
2025-10-01,09:43:37.000,230.1,150.0,229.75,230.45,450.0
2025-10-01,09:43:38.000,229.85,1050.0,229.5,230.2,750.0
2025-10-01,09:43:39.000,229.85,1050.0,229.5,230.2,750.0
2025-10-01,09:43:40.000,229.98,975.0,229.55,230.4,1050.0
2025-10-01,09:43:41.000,229.72,750.0,229.35,230.1,300.0
2025-10-01,09:43:42.000,229.72,750.0,229.35,230.1,300.0
2025-10-01,09:43:43.000,229.62,300.0,229.3,229.95,525.0
2025-10-01,09:43:44.000,229.62,300.0,229.3,229.95,525.0
2025-10-01,09:43:45.000,230.42,525.0,230.0,230.85,900.0
2025-10-01,09:43:46.000,230.65,375.0,230.3,231.0,375.0
2025-10-01,09:43:47.000,230.65,375.0,230.3,231.0,375.0
2025-10-01,09:43:48.000,231.68,825.0,231.35,232.0,225.0
2025-10-01,09:43:49.000,231.68,825.0,231.35,232.0,225.0
2025-10-01,09:43:50.000,231.68,900.0,231.35,232.0,75.0
2025-10-01,09:43:51.000,231.35,525.0,231.0,231.7,375.0
2025-10-01,09:43:52.000,231.35,525.0,231.0,231.7,375.0
2025-10-01,09:43:53.000,231.25,750.0,230.9,231.6,75.0
2025-10-01,09:43:54.000,231.25,750.0,230.9,231.6,75.0
2025-10-01,09:43:55.000,231.35,1425.0,230.95,231.75,525.0
2025-10-01,09:43:56.000,232.65,75.0,232.35,232.95,900.0
2025-10-01,09:43:57.000,232.65,75.0,232.35,232.95,900.0
2025-10-01,09:43:58.000,234.1,75.0,233.95,234.25,225.0
2025-10-01,09:43:59.000,234.1,75.0,233.95,234.25,225.0
2025-10-01,09:44:00.000,234.08,1050.0,233.65,234.5,300.0
2025-10-01,09:44:01.000,233.6,1050.0,233.25,233.95,750.0
2025-10-01,09:44:02.000,233.6,1050.0,233.25,233.95,750.0
2025-10-01,09:44:03.000,233.45,300.0,233.15,233.75,150.0
2025-10-01,09:44:04.000,233.45,300.0,233.15,233.75,150.0
2025-10-01,09:44:05.000,233.72,150.0,233.45,234.0,75.0
2025-10-01,09:44:06.000,234.58,300.0,234.25,234.9,75.0
2025-10-01,09:44:07.000,234.58,300.0,234.25,234.9,75.0
2025-10-01,09:44:08.000,234.4,525.0,234.05,234.75,150.0
2025-10-01,09:44:09.000,234.38,75.0,234.05,234.7,525.0
2025-10-01,09:44:10.000,234.38,75.0,234.05,234.7,525.0
2025-10-01,09:44:11.000,234.48,1050.0,234.1,234.85,750.0
2025-10-01,09:44:12.000,234.48,1050.0,234.1,234.85,750.0
2025-10-01,09:44:13.000,234.6,1125.0,234.25,234.95,450.0
2025-10-01,09:44:14.000,234.65,300.0,234.35,234.95,525.0
2025-10-01,09:44:15.000,234.65,300.0,234.35,234.95,525.0
2025-10-01,09:44:16.000,234.9,525.0,234.55,235.25,750.0
2025-10-01,09:44:17.000,234.9,525.0,234.55,235.25,750.0
2025-10-01,09:44:18.000,235.5,525.0,235.05,235.95,600.0
2025-10-01,09:44:19.000,235.68,450.0,235.35,236.0,525.0
2025-10-01,09:44:20.000,235.68,450.0,235.35,236.0,525.0
2025-10-01,09:44:21.000,235.7,225.0,235.25,236.15,450.0
2025-10-01,09:44:22.000,235.7,225.0,235.25,236.15,450.0
2025-10-01,09:44:23.000,235.82,750.0,235.55,236.1,225.0
2025-10-01,09:44:24.000,235.85,150.0,235.5,236.2,75.0
2025-10-01,09:44:25.000,235.85,150.0,235.5,236.2,75.0
2025-10-01,09:44:26.000,236.75,450.0,236.5,237.0,75.0
2025-10-01,09:44:27.000,236.75,450.0,236.5,237.0,75.0
2025-10-01,09:44:28.000,237.5,450.0,237.05,237.95,750.0
2025-10-01,09:44:29.000,237.1,300.0,236.75,237.45,750.0
2025-10-01,09:44:30.000,237.1,300.0,236.75,237.45,750.0
2025-10-01,09:44:31.000,237.5,825.0,237.05,237.95,1125.0
2025-10-01,09:44:32.000,237.5,825.0,237.05,237.95,1125.0
2025-10-01,09:44:33.000,236.88,450.0,236.5,237.25,450.0
2025-10-01,09:44:34.000,236.45,750.0,236.0,236.9,825.0
2025-10-01,09:44:35.000,236.45,750.0,236.0,236.9,825.0
2025-10-01,09:44:36.000,236.62,1200.0,236.25,237.0,600.0
2025-10-01,09:44:37.000,236.62,1200.0,236.25,237.0,600.0
2025-10-01,09:44:38.000,236.25,75.0,236.0,236.5,225.0
2025-10-01,09:44:39.000,235.62,375.0,235.25,236.0,1050.0
2025-10-01,09:44:40.000,235.62,375.0,235.25,236.0,1050.0
2025-10-01,09:44:41.000,235.45,300.0,235.15,235.75,525.0
2025-10-01,09:44:42.000,235.45,300.0,235.15,235.75,525.0
2025-10-01,09:44:43.000,235.3,600.0,235.0,235.6,225.0
2025-10-01,09:44:44.000,235.35,975.0,235.0,235.7,75.0
2025-10-01,09:44:45.000,235.35,975.0,235.0,235.7,75.0
2025-10-01,09:44:46.000,235.9,1125.0,235.55,236.25,375.0
2025-10-01,09:44:47.000,236.8,300.0,236.5,237.1,375.0
2025-10-01,09:44:48.000,236.8,300.0,236.5,237.1,375.0
2025-10-01,09:44:49.000,236.62,675.0,236.3,236.95,975.0
2025-10-01,09:44:50.000,236.62,675.0,236.3,236.95,975.0
2025-10-01,09:44:51.000,236.35,375.0,236.0,236.7,600.0
2025-10-01,09:44:52.000,236.15,825.0,235.8,236.5,450.0
2025-10-01,09:44:53.000,236.15,825.0,235.8,236.5,450.0
2025-10-01,09:44:54.000,235.9,975.0,235.55,236.25,975.0
2025-10-01,09:44:55.000,235.9,975.0,235.55,236.25,975.0
2025-10-01,09:44:56.000,235.85,525.0,235.55,236.15,450.0
2025-10-01,09:44:57.000,235.68,375.0,235.4,235.95,450.0
2025-10-01,09:44:58.000,235.68,375.0,235.4,235.95,450.0
2025-10-01,09:44:59.000,235.7,675.0,235.35,236.05,675.0
2025-10-01,09:45:00.000,235.7,675.0,235.35,236.05,675.0
2025-10-01,09:45:01.000,234.82,225.0,234.5,235.15,600.0
2025-10-01,09:45:02.000,234.4,1275.0,234.0,234.8,1275.0
2025-10-01,09:45:03.000,234.4,1275.0,234.0,234.8,1275.0
