Date,Time,MID_PRICE,BID_SIZE,BID_PRICE,ASK_PRICE,ASK_SIZE
2025-10-01,09:15:00.000,225.72,75.0,225.7,225.75,225.0
2025-10-01,09:15:01.000,225.72,75.0,225.7,225.75,225.0
2025-10-01,09:15:02.000,221.52,75.0,220.1,222.95,300.0
2025-10-01,09:15:03.000,221.52,75.0,220.1,222.95,300.0
2025-10-01,09:15:04.000,223.55,225.0,221.85,225.25,225.0
2025-10-01,09:15:05.000,222.98,150.0,222.95,223.0,75.0
2025-10-01,09:15:06.000,223.85,75.0,223.7,224.0,150.0
2025-10-01,09:15:07.000,222.42,225.0,222.05,222.8,75.0
2025-10-01,09:15:08.000,222.42,225.0,222.05,222.8,75.0
2025-10-01,09:15:09.000,221.3,75.0,221.0,221.6,75.0
2025-10-01,09:15:10.000,219.55,150.0,219.15,219.95,75.0
2025-10-01,09:15:11.000,219.55,150.0,219.15,219.95,75.0
2025-10-01,09:15:12.000,219.75,75.0,219.65,219.85,75.0
2025-10-01,09:15:13.000,217.55,300.0,217.15,217.95,75.0
2025-10-01,09:15:14.000,216.42,300.0,216.2,216.65,75.0
2025-10-01,09:15:15.000,216.42,300.0,216.2,216.65,75.0
2025-10-01,09:15:16.000,218.22,75.0,218.0,218.45,300.0
2025-10-01,09:15:17.000,218.95,75.0,218.65,219.25,450.0
2025-10-01,09:15:18.000,217.52,150.0,217.3,217.75,225.0
2025-10-01,09:15:19.000,217.52,150.0,217.3,217.75,225.0
2025-10-01,09:15:20.000,217.85,150.0,217.5,218.2,75.0
2025-10-01,09:15:21.000,217.73,75.0,217.55,217.9,75.0
2025-10-01,09:15:22.000,218.2,75.0,217.9,218.5,150.0
2025-10-01,09:15:23.000,218.2,75.0,217.9,218.5,150.0
2025-10-01,09:15:24.000,219.55,225.0,219.45,219.65,75.0
2025-10-01,09:15:25.000,218.65,450.0,218.35,218.95,75.0
2025-10-01,09:15:26.000,218.65,450.0,218.35,218.95,75.0
2025-10-01,09:15:27.000,219.52,150.0,219.35,219.7,75.0
2025-10-01,09:15:28.000,219.52,750.0,219.15,219.9,75.0
2025-10-01,09:15:29.000,219.72,75.0,219.5,219.95,375.0
2025-10-01,09:15:30.000,219.72,75.0,219.5,219.95,375.0
2025-10-01,09:15:31.000,219.45,150.0,219.0,219.9,525.0
2025-10-01,09:15:32.000,218.42,75.0,218.15,218.7,75.0
2025-10-01,09:15:33.000,217.9,150.0,217.7,218.1,225.0
2025-10-01,09:15:34.000,217.9,150.0,217.7,218.1,225.0
2025-10-01,09:15:35.000,216.68,450.0,216.3,217.05,600.0
2025-10-01,09:15:36.000,216.05,150.0,215.75,216.35,450.0
2025-10-01,09:15:37.000,217.8,75.0,217.55,218.05,75.0
2025-10-01,09:15:38.000,217.8,75.0,217.55,218.05,75.0
2025-10-01,09:15:39.000,216.58,525.0,216.15,217.0,75.0
2025-10-01,09:15:40.000,215.98,300.0,215.6,216.35,225.0
2025-10-01,09:15:41.000,215.98,300.0,215.6,216.35,225.0
2025-10-01,09:15:42.000,216.3,75.0,216.0,216.6,300.0
2025-10-01,09:15:43.000,217.1,2100.0,216.75,217.45,75.0
2025-10-01,09:15:44.000,217.4,300.0,217.0,217.8,300.0
2025-10-01,09:15:45.000,216.62,150.0,216.25,217.0,75.0
2025-10-01,09:15:46.000,216.62,150.0,216.25,217.0,75.0
2025-10-01,09:15:47.000,217.32,525.0,217.0,217.65,225.0
2025-10-01,09:15:48.000,217.15,150.0,216.75,217.55,300.0
2025-10-01,09:15:49.000,217.68,450.0,217.4,217.95,300.0
2025-10-01,09:15:50.000,217.8,300.0,217.5,218.1,300.0
2025-10-01,09:15:51.000,217.8,300.0,217.5,218.1,300.0
2025-10-01,09:15:52.000,217.42,75.0,217.15,217.7,300.0
2025-10-01,09:15:53.000,218.42,750.0,218.1,218.75,675.0
2025-10-01,09:15:54.000,218.45,525.0,218.1,218.8,1200.0
2025-10-01,09:15:55.000,219.55,750.0,219.3,219.8,75.0
2025-10-01,09:15:56.000,219.55,750.0,219.3,219.8,75.0
2025-10-01,09:15:57.000,219.15,525.0,218.9,219.4,300.0
2025-10-01,09:15:58.000,219.0,300.0,218.65,219.35,750.0
2025-10-01,09:15:59.000,219.0,300.0,218.65,219.35,750.0
2025-10-01,09:16:00.000,219.28,150.0,219.15,219.4,75.0
2025-10-01,09:16:01.000,218.82,525.0,218.5,219.15,300.0
2025-10-01,09:16:02.000,218.88,300.0,218.55,219.2,525.0
2025-10-01,09:16:03.000,218.88,300.0,218.55,219.2,525.0
2025-10-01,09:16:04.000,219.4,525.0,219.1,219.7,600.0
2025-10-01,09:16:05.000,217.98,300.0,217.65,218.3,600.0
2025-10-01,09:16:06.000,217.28,300.0,217.05,217.5,75.0
2025-10-01,09:16:07.000,217.28,300.0,217.05,217.5,75.0
2025-10-01,09:16:08.000,216.68,750.0,216.4,216.95,150.0
2025-10-01,09:16:09.000,216.35,525.0,216.1,216.6,75.0
2025-10-01,09:16:10.000,217.0,225.0,216.75,217.25,300.0
2025-10-01,09:16:11.000,217.0,225.0,216.75,217.25,300.0
2025-10-01,09:16:12.000,216.7,750.0,216.4,217.0,225.0
2025-10-01,09:16:13.000,217.88,150.0,217.65,218.1,75.0
2025-10-01,09:16:14.000,216.9,75.0,216.65,217.15,675.0
2025-10-01,09:16:15.000,216.9,75.0,216.65,217.15,675.0
2025-10-01,09:16:16.000,216.82,825.0,216.55,217.1,150.0
2025-10-01,09:16:17.000,218.08,225.0,217.95,218.2,75.0
2025-10-01,09:16:18.000,219.08,75.0,218.8,219.35,375.0
2025-10-01,09:16:19.000,219.08,75.0,218.8,219.35,375.0
2025-10-01,09:16:20.000,218.85,75.0,218.65,219.05,150.0
2025-10-01,09:16:21.000,218.7,300.0,218.45,218.95,150.0
2025-10-01,09:16:22.000,217.85,1050.0,217.7,218.0,75.0
2025-10-01,09:16:23.000,217.85,1050.0,217.7,218.0,75.0
2025-10-01,09:16:24.000,218.05,75.0,217.9,218.2,75.0
2025-10-01,09:16:25.000,218.15,75.0,217.95,218.35,75.0
2025-10-01,09:16:26.000,218.1,375.0,217.85,218.35,375.0
2025-10-01,09:16:27.000,217.35,300.0,217.05,217.65,375.0
2025-10-01,09:16:28.000,217.35,300.0,217.05,217.65,375.0
2025-10-01,09:16:29.000,217.88,300.0,217.5,218.25,300.0
2025-10-01,09:16:30.000,217.73,75.0,217.55,217.9,75.0
2025-10-01,09:16:31.000,217.3,75.0,217.05,217.55,300.0
2025-10-01,09:16:32.000,217.3,75.0,217.05,217.55,300.0
2025-10-01,09:16:33.000,217.25,450.0,216.95,217.55,375.0
2025-10-01,09:16:34.000,217.38,75.0,217.1,217.65,300.0
2025-10-01,09:16:35.000,217.38,75.0,217.1,217.65,300.0
2025-10-01,09:16:36.000,218.08,75.0,217.8,218.35,750.0
2025-10-01,09:16:37.000,218.98,450.0,218.65,219.3,450.0
2025-10-01,09:16:38.000,219.58,150.0,219.3,219.85,150.0
2025-10-01,09:16:39.000,219.58,150.0,219.3,219.85,150.0
2025-10-01,09:16:40.000,219.98,75.0,219.7,220.25,300.0
2025-10-01,09:16:41.000,220.22,375.0,220.1,220.35,150.0
2025-10-01,09:16:42.000,221.25,75.0,221.1,221.4,150.0
2025-10-01,09:16:43.000,221.25,75.0,221.1,221.4,150.0
2025-10-01,09:16:44.000,220.5,225.0,220.25,220.75,375.0
2025-10-01,09:16:45.000,220.3,225.0,220.0,220.6,600.0
2025-10-01,09:16:46.000,220.3,225.0,220.0,220.6,600.0
2025-10-01,09:16:47.000,219.5,150.0,219.2,219.8,75.0
2025-10-01,09:16:48.000,221.0,525.0,220.75,221.25,150.0
2025-10-01,09:16:49.000,219.9,375.0,219.55,220.25,1050.0
2025-10-01,09:16:50.000,219.9,375.0,219.55,220.25,1050.0
2025-10-01,09:16:51.000,219.65,225.0,219.45,219.85,75.0
2025-10-01,09:16:52.000,219.48,225.0,219.15,219.8,450.0
2025-10-01,09:16:53.000,219.48,225.0,219.15,219.8,450.0
2025-10-01,09:16:54.000,219.28,300.0,219.0,219.55,75.0
2025-10-01,09:16:55.000,219.62,225.0,219.35,219.9,75.0
2025-10-01,09:16:56.000,219.62,75.0,219.35,219.9,75.0
2025-10-01,09:16:57.000,219.62,75.0,219.35,219.9,75.0
2025-10-01,09:16:58.000,219.85,75.0,219.6,220.1,225.0
2025-10-01,09:16:59.000,219.68,525.0,219.35,220.0,150.0
2025-10-01,09:17:00.000,219.55,375.0,219.25,219.85,150.0
2025-10-01,09:17:01.000,219.55,375.0,219.25,219.85,150.0
2025-10-01,09:17:02.000,220.38,75.0,220.15,220.6,150.0
2025-10-01,09:17:03.000,220.2,450.0,219.95,220.45,75.0
2025-10-01,09:17:04.000,220.2,450.0,219.95,220.45,75.0
2025-10-01,09:17:05.000,220.38,150.0,220.15,220.6,75.0
2025-10-01,09:17:06.000,220.72,75.0,220.5,220.95,75.0
2025-10-01,09:17:07.000,220.58,300.0,220.45,220.7,75.0
2025-10-01,09:17:08.000,220.58,300.0,220.45,220.7,75.0
2025-10-01,09:17:09.000,220.75,225.0,220.55,220.95,150.0
2025-10-01,09:17:10.000,220.85,150.0,220.75,220.95,150.0
2025-10-01,09:17:11.000,220.85,150.0,220.75,220.95,150.0
2025-10-01,09:17:12.000,220.1,150.0,219.95,220.25,75.0
2025-10-01,09:17:13.000,219.8,75.0,219.6,220.0,75.0
2025-10-01,09:17:14.000,219.25,375.0,218.85,219.65,450.0
2025-10-01,09:17:15.000,219.25,375.0,218.85,219.65,450.0
2025-10-01,09:17:16.000,219.15,975.0,218.9,219.4,75.0
2025-10-01,09:17:17.000,218.38,300.0,218.1,218.65,75.0
2025-10-01,09:17:18.000,217.28,975.0,217.0,217.55,375.0
2025-10-01,09:17:19.000,217.28,975.0,217.0,217.55,375.0
2025-10-01,09:17:20.000,217.7,375.0,217.5,217.9,150.0
2025-10-01,09:17:21.000,217.52,375.0,217.3,217.75,150.0
2025-10-01,09:17:22.000,217.52,375.0,217.3,217.75,150.0
2025-10-01,09:17:23.000,217.48,150.0,217.2,217.75,375.0
2025-10-01,09:17:24.000,216.02,525.0,215.7,216.35,225.0
2025-10-01,09:17:25.000,216.15,300.0,215.9,216.4,75.0
2025-10-01,09:17:26.000,216.15,300.0,215.9,216.4,75.0
2025-10-01,09:17:27.000,216.62,150.0,216.4,216.85,75.0
2025-10-01,09:17:28.000,215.88,450.0,215.65,216.1,75.0
2025-10-01,09:17:29.000,215.88,450.0,215.65,216.1,75.0
2025-10-01,09:17:30.000,216.02,150.0,215.85,216.2,600.0
2025-10-01,09:17:31.000,215.18,150.0,215.0,215.35,525.0
2025-10-01,09:17:32.000,215.4,1500.0,215.15,215.65,75.0
2025-10-01,09:17:33.000,215.4,1500.0,215.15,215.65,75.0
2025-10-01,09:17:34.000,215.32,75.0,215.3,215.35,75.0
2025-10-01,09:17:35.000,216.28,75.0,216.05,216.5,225.0
2025-10-01,09:17:36.000,216.28,75.0,216.05,216.5,225.0
2025-10-01,09:17:37.000,215.4,75.0,215.2,215.6,450.0
2025-10-01,09:17:38.000,214.6,75.0,214.4,214.8,375.0
2025-10-01,09:17:39.000,214.7,300.0,214.45,214.95,225.0
2025-10-01,09:17:40.000,214.7,300.0,214.45,214.95,225.0
2025-10-01,09:17:41.000,214.25,75.0,214.0,214.5,525.0
2025-10-01,09:17:42.000,214.6,75.0,214.4,214.8,75.0
2025-10-01,09:17:43.000,214.6,75.0,214.4,214.8,75.0
2025-10-01,09:17:44.000,214.62,75.0,214.4,214.85,150.0
2025-10-01,09:17:45.000,214.8,300.0,214.65,214.95,150.0
2025-10-01,09:17:46.000,215.28,375.0,215.05,215.5,150.0
2025-10-01,09:17:47.000,215.28,375.0,215.05,215.5,150.0
2025-10-01,09:17:48.000,216.18,150.0,216.0,216.35,150.0
2025-10-01,09:17:49.000,216.4,300.0,216.15,216.65,150.0
2025-10-01,09:17:50.000,216.6,375.0,216.45,216.75,75.0
2025-10-01,09:17:51.000,216.6,375.0,216.45,216.75,75.0
2025-10-01,09:17:52.000,215.32,75.0,215.1,215.55,75.0
2025-10-01,09:17:53.000,214.58,150.0,214.3,214.85,150.0
2025-10-01,09:17:54.000,214.58,150.0,214.3,214.85,150.0
2025-10-01,09:17:55.000,214.58,150.0,214.45,214.7,75.0
2025-10-01,09:17:56.000,214.45,75.0,214.25,214.65,150.0
2025-10-01,09:17:57.000,213.95,225.0,213.7,214.2,225.0
2025-10-01,09:17:58.000,213.95,225.0,213.7,214.2,225.0
2025-10-01,09:17:59.000,213.22,1725.0,212.95,213.5,75.0
2025-10-01,09:18:00.000,212.42,75.0,212.25,212.6,150.0
2025-10-01,09:18:01.000,212.42,75.0,212.25,212.6,150.0
2025-10-01,09:18:02.000,213.3,300.0,213.05,213.55,150.0
2025-10-01,09:18:03.000,214.0,225.0,213.8,214.2,150.0
2025-10-01,09:18:04.000,214.02,75.0,213.85,214.2,225.0
2025-10-01,09:18:05.000,214.02,75.0,213.85,214.2,225.0
2025-10-01,09:18:06.000,212.68,75.0,212.45,212.9,225.0
2025-10-01,09:18:07.000,213.88,75.0,213.65,214.1,150.0
2025-10-01,09:18:08.000,213.88,75.0,213.65,214.1,150.0
2025-10-01,09:18:09.000,214.05,150.0,213.9,214.2,150.0
2025-10-01,09:18:10.000,213.9,150.0,213.8,214.0,150.0
2025-10-01,09:18:11.000,213.9,150.0,213.8,214.0,150.0
2025-10-01,09:18:12.000,213.62,225.0,213.35,213.9,300.0
2025-10-01,09:18:13.000,213.4,75.0,213.25,213.55,150.0
2025-10-01,09:18:14.000,213.42,750.0,213.25,213.6,150.0
2025-10-01,09:18:15.000,213.42,750.0,213.25,213.6,150.0
2025-10-01,09:18:16.000,213.08,675.0,212.9,213.25,450.0
2025-10-01,09:18:17.000,212.85,75.0,212.7,213.0,150.0
2025-10-01,09:18:18.000,212.85,75.0,212.7,213.0,150.0
2025-10-01,09:18:19.000,212.8,525.0,212.6,213.0,150.0
2025-10-01,09:18:20.000,212.82,150.0,212.75,212.9,75.0
2025-10-01,09:18:21.000,213.98,150.0,213.75,214.2,150.0
2025-10-01,09:18:22.000,213.98,150.0,213.75,214.2,150.0
2025-10-01,09:18:23.000,213.82,75.0,213.7,213.95,225.0
2025-10-01,09:18:24.000,213.4,75.0,213.2,213.6,75.0
2025-10-01,09:18:25.000,213.4,75.0,213.2,213.6,75.0
2025-10-01,09:18:26.000,214.23,225.0,214.15,214.3,150.0
2025-10-01,09:18:27.000,213.65,150.0,213.4,213.9,225.0
2025-10-01,09:18:28.000,214.05,300.0,213.8,214.3,450.0
2025-10-01,09:18:29.000,214.05,300.0,213.8,214.3,450.0
2025-10-01,09:18:30.000,214.22,375.0,213.95,214.5,150.0
2025-10-01,09:18:31.000,214.45,75.0,214.2,214.7,450.0
2025-10-01,09:18:32.000,215.52,75.0,215.3,215.75,225.0
2025-10-01,09:18:33.000,215.52,75.0,215.3,215.75,225.0
2025-10-01,09:18:34.000,215.68,75.0,215.45,215.9,150.0
2025-10-01,09:18:35.000,215.0,300.0,214.7,215.3,150.0
2025-10-01,09:18:36.000,215.0,300.0,214.7,215.3,150.0
2025-10-01,09:18:37.000,215.05,75.0,214.8,215.3,300.0
2025-10-01,09:18:38.000,214.82,300.0,214.55,215.1,900.0
2025-10-01,09:18:39.000,214.82,300.0,214.55,215.1,900.0
2025-10-01,09:18:40.000,215.3,375.0,215.05,215.55,150.0
2025-10-01,09:18:41.000,214.82,225.0,214.5,215.15,750.0
2025-10-01,09:18:42.000,214.2,75.0,214.0,214.4,75.0
2025-10-01,09:18:43.000,214.2,75.0,214.0,214.4,75.0
2025-10-01,09:18:44.000,213.58,300.0,213.3,213.85,300.0
2025-10-01,09:18:45.000,213.58,300.0,213.3,213.85,300.0
2025-10-01,09:18:46.000,213.95,75.0,213.75,214.15,75.0
2025-10-01,09:18:47.000,214.85,375.0,214.65,215.05,75.0
2025-10-01,09:18:48.000,214.85,375.0,214.65,215.05,75.0
2025-10-01,09:18:49.000,214.8,300.0,214.55,215.05,150.0
2025-10-01,09:18:50.000,214.8,300.0,214.55,215.05,150.0
2025-10-01,09:18:51.000,215.08,225.0,214.85,215.3,150.0
2025-10-01,09:18:52.000,214.95,300.0,214.75,215.15,75.0
2025-10-01,09:18:53.000,214.95,300.0,214.75,215.15,75.0
2025-10-01,09:18:54.000,215.92,225.0,215.7,216.15,225.0
2025-10-01,09:18:55.000,215.92,225.0,215.7,216.15,225.0
2025-10-01,09:18:56.000,215.7,75.0,215.45,215.95,75.0
2025-10-01,09:18:57.000,215.3,450.0,214.95,215.65,75.0
2025-10-01,09:18:58.000,215.3,450.0,214.95,215.65,75.0
2025-10-01,09:18:59.000,216.48,225.0,216.2,216.75,75.0
2025-10-01,09:19:00.000,216.48,225.0,216.2,216.75,75.0
2025-10-01,09:19:01.000,216.65,225.0,216.4,216.9,150.0
2025-10-01,09:19:02.000,216.6,75.0,216.4,216.8,150.0
2025-10-01,09:19:03.000,216.6,75.0,216.4,216.8,150.0
2025-10-01,09:19:04.000,216.5,300.0,216.25,216.75,75.0
2025-10-01,09:19:05.000,216.5,300.0,216.25,216.75,75.0
2025-10-01,09:19:06.000,217.42,225.0,217.15,217.7,75.0
2025-10-01,09:19:07.000,216.4,375.0,216.05,216.75,300.0
2025-10-01,09:19:08.000,216.4,375.0,216.05,216.75,300.0
2025-10-01,09:19:09.000,216.62,75.0,216.4,216.85,150.0
2025-10-01,09:19:10.000,216.62,75.0,216.4,216.85,150.0
2025-10-01,09:19:11.000,216.5,300.0,216.25,216.75,150.0
2025-10-01,09:19:12.000,217.3,150.0,217.15,217.45,150.0
2025-10-01,09:19:13.000,217.3,150.0,217.15,217.45,150.0
2025-10-01,09:19:14.000,217.32,75.0,217.15,217.5,150.0
2025-10-01,09:19:15.000,217.32,75.0,217.15,217.5,150.0
2025-10-01,09:19:16.000,217.35,300.0,217.15,217.55,150.0
2025-10-01,09:19:17.000,216.73,225.0,216.55,216.9,75.0
2025-10-01,09:19:18.000,216.73,225.0,216.55,216.9,75.0
2025-10-01,09:19:19.000,217.7,225.0,217.55,217.85,150.0
2025-10-01,09:19:20.000,217.7,225.0,217.55,217.85,150.0
2025-10-01,09:19:21.000,218.52,225.0,218.4,218.65,150.0
2025-10-01,09:19:22.000,218.05,450.0,217.7,218.4,300.0
2025-10-01,09:19:23.000,218.05,450.0,217.7,218.4,300.0
2025-10-01,09:19:24.000,218.68,75.0,218.4,218.95,450.0
2025-10-01,09:19:25.000,218.68,75.0,218.4,218.95,450.0
2025-10-01,09:19:26.000,217.85,300.0,217.5,218.2,900.0
2025-10-01,09:19:27.000,217.12,300.0,216.85,217.4,75.0
2025-10-01,09:19:28.000,217.12,300.0,216.85,217.4,75.0
2025-10-01,09:19:29.000,217.02,300.0,216.8,217.25,225.0
2025-10-01,09:19:30.000,217.02,300.0,216.8,217.25,225.0
2025-10-01,09:19:31.000,215.88,300.0,215.5,216.25,225.0
2025-10-01,09:19:32.000,216.92,225.0,216.75,217.1,225.0
2025-10-01,09:19:33.000,216.92,225.0,216.75,217.1,225.0
2025-10-01,09:19:34.000,216.52,375.0,216.35,216.7,75.0
2025-10-01,09:19:35.000,216.52,375.0,216.35,216.7,75.0
2025-10-01,09:19:36.000,217.08,375.0,216.8,217.35,225.0
2025-10-01,09:19:37.000,216.48,225.0,216.35,216.6,75.0
2025-10-01,09:19:38.000,216.48,225.0,216.35,216.6,75.0
2025-10-01,09:19:39.000,217.15,375.0,216.9,217.4,225.0
2025-10-01,09:19:40.000,217.15,375.0,216.9,217.4,225.0
2025-10-01,09:19:41.000,216.52,150.0,216.25,216.8,300.0
2025-10-01,09:19:42.000,216.32,225.0,216.0,216.65,150.0
2025-10-01,09:19:43.000,216.32,225.0,216.0,216.65,150.0
2025-10-01,09:19:44.000,216.65,525.0,216.35,216.95,225.0
2025-10-01,09:19:45.000,216.65,525.0,216.35,216.95,225.0
2025-10-01,09:19:46.000,215.72,300.0,215.45,216.0,75.0
2025-10-01,09:19:47.000,216.5,300.0,216.25,216.75,150.0
2025-10-01,09:19:48.000,216.5,300.0,216.25,216.75,150.0
2025-10-01,09:19:49.000,217.3,300.0,217.0,217.6,300.0
2025-10-01,09:19:50.000,217.3,300.0,217.0,217.6,300.0
2025-10-01,09:19:51.000,217.98,300.0,217.75,218.2,150.0
2025-10-01,09:19:52.000,218.12,150.0,218.0,218.25,150.0
2025-10-01,09:19:53.000,218.12,150.0,218.0,218.25,150.0
2025-10-01,09:19:54.000,218.92,75.0,218.6,219.25,975.0
2025-10-01,09:19:55.000,218.92,75.0,218.6,219.25,975.0
2025-10-01,09:19:56.000,218.52,75.0,218.2,218.85,600.0
2025-10-01,09:19:57.000,219.18,150.0,219.1,219.25,150.0
2025-10-01,09:19:58.000,219.18,150.0,219.1,219.25,150.0
2025-10-01,09:19:59.000,220.08,225.0,219.85,220.3,150.0
2025-10-01,09:20:00.000,220.08,225.0,219.85,220.3,150.0
2025-10-01,09:20:01.000,220.6,825.0,220.3,220.9,150.0
2025-10-01,09:20:02.000,220.32,150.0,220.15,220.5,150.0
2025-10-01,09:20:03.000,220.32,150.0,220.15,220.5,150.0
2025-10-01,09:20:04.000,221.15,150.0,220.9,221.4,150.0
2025-10-01,09:20:05.000,221.15,150.0,220.9,221.4,150.0
2025-10-01,09:20:06.000,220.4,225.0,220.15,220.65,300.0
2025-10-01,09:20:07.000,221.12,150.0,220.85,221.4,225.0
2025-10-01,09:20:08.000,221.12,150.0,220.85,221.4,225.0
2025-10-01,09:20:09.000,220.73,75.0,220.55,220.9,150.0
2025-10-01,09:20:10.000,220.73,75.0,220.55,220.9,150.0
2025-10-01,09:20:11.000,221.48,150.0,221.4,221.55,150.0
2025-10-01,09:20:12.000,221.38,450.0,221.25,221.5,75.0
2025-10-01,09:20:13.000,221.38,450.0,221.25,221.5,75.0
2025-10-01,09:20:14.000,221.38,150.0,221.1,221.65,750.0
2025-10-01,09:20:15.000,221.38,150.0,221.1,221.65,750.0
2025-10-01,09:20:16.000,222.4,300.0,222.15,222.65,450.0
2025-10-01,09:20:17.000,222.28,150.0,222.15,222.4,75.0
2025-10-01,09:20:18.000,222.28,150.0,222.15,222.4,75.0
2025-10-01,09:20:19.000,222.2,150.0,222.05,222.35,150.0
2025-10-01,09:20:20.000,222.2,150.0,222.05,222.35,150.0
2025-10-01,09:20:21.000,223.6,675.0,223.3,223.9,75.0
2025-10-01,09:20:22.000,223.9,150.0,223.65,224.15,300.0
2025-10-01,09:20:23.000,223.9,150.0,223.65,224.15,300.0
2025-10-01,09:20:24.000,223.6,150.0,223.35,223.85,75.0
2025-10-01,09:20:25.000,223.6,150.0,223.35,223.85,75.0
2025-10-01,09:20:26.000,224.1,300.0,223.8,224.4,75.0
2025-10-01,09:20:27.000,223.7,375.0,223.4,224.0,225.0
2025-10-01,09:20:28.000,223.7,375.0,223.4,224.0,225.0
2025-10-01,09:20:29.000,222.95,150.0,222.85,223.05,75.0
2025-10-01,09:20:30.000,222.95,150.0,222.85,223.05,75.0
2025-10-01,09:20:31.000,222.8,150.0,222.55,223.05,150.0
2025-10-01,09:20:32.000,222.65,150.0,222.45,222.85,450.0
2025-10-01,09:20:33.000,222.65,150.0,222.45,222.85,450.0
2025-10-01,09:20:34.000,222.27,150.0,222.1,222.45,75.0
2025-10-01,09:20:35.000,222.0,150.0,221.75,222.25,300.0
2025-10-01,09:20:36.000,222.0,150.0,221.75,222.25,300.0
2025-10-01,09:20:37.000,222.62,150.0,222.35,222.9,150.0
2025-10-01,09:20:38.000,222.62,150.0,222.35,222.9,150.0
2025-10-01,09:20:39.000,223.28,150.0,223.0,223.55,150.0
2025-10-01,09:20:40.000,222.73,750.0,222.55,222.9,300.0
2025-10-01,09:20:41.000,222.73,750.0,222.55,222.9,300.0
2025-10-01,09:20:42.000,221.4,150.0,221.1,221.7,75.0
2025-10-01,09:20:43.000,221.4,150.0,221.1,221.7,75.0
2025-10-01,09:20:44.000,221.15,225.0,221.05,221.25,225.0
2025-10-01,09:20:45.000,221.65,225.0,221.5,221.8,150.0
2025-10-01,09:20:46.000,221.65,225.0,221.5,221.8,150.0
2025-10-01,09:20:47.000,221.9,75.0,221.75,222.05,75.0
2025-10-01,09:20:48.000,221.9,75.0,221.75,222.05,75.0
2025-10-01,09:20:49.000,221.48,375.0,221.25,221.7,150.0
2025-10-01,09:20:50.000,221.45,450.0,221.25,221.65,150.0
2025-10-01,09:20:51.000,221.45,450.0,221.25,221.65,150.0
2025-10-01,09:20:52.000,221.73,450.0,221.55,221.9,150.0
2025-10-01,09:20:53.000,221.73,450.0,221.55,221.9,150.0
2025-10-01,09:20:54.000,220.3,150.0,220.25,220.35,300.0
2025-10-01,09:20:55.000,220.08,225.0,219.85,220.3,150.0
2025-10-01,09:20:56.000,220.08,225.0,219.85,220.3,150.0
2025-10-01,09:20:57.000,218.68,900.0,218.55,218.8,150.0
2025-10-01,09:20:58.000,218.68,900.0,218.55,218.8,150.0
2025-10-01,09:20:59.000,218.9,225.0,218.65,219.15,300.0
2025-10-01,09:21:00.000,218.88,225.0,218.6,219.15,600.0
2025-10-01,09:21:01.000,218.88,225.0,218.6,219.15,600.0
2025-10-01,09:21:02.000,219.7,375.0,219.5,219.9,75.0
2025-10-01,09:21:03.000,219.7,375.0,219.5,219.9,75.0
2025-10-01,09:21:04.000,220.02,75.0,219.8,220.25,300.0
2025-10-01,09:21:05.000,220.18,75.0,220.0,220.35,150.0
2025-10-01,09:21:06.000,220.18,75.0,220.0,220.35,150.0
2025-10-01,09:21:07.000,220.1,225.0,219.85,220.35,600.0
2025-10-01,09:21:08.000,220.1,225.0,219.85,220.35,600.0
2025-10-01,09:21:09.000,219.58,150.0,219.5,219.65,150.0
2025-10-01,09:21:10.000,219.2,525.0,219.0,219.4,75.0
2025-10-01,09:21:11.000,219.2,525.0,219.0,219.4,75.0
2025-10-01,09:21:12.000,219.58,450.0,219.3,219.85,150.0
2025-10-01,09:21:13.000,219.58,450.0,219.3,219.85,150.0
2025-10-01,09:21:14.000,219.2,375.0,218.95,219.45,225.0
2025-10-01,09:21:15.000,218.3,150.0,218.15,218.45,75.0
2025-10-01,09:21:16.000,218.3,150.0,218.15,218.45,75.0
2025-10-01,09:21:17.000,217.42,225.0,217.15,217.7,225.0
2025-10-01,09:21:18.000,217.42,225.0,217.15,217.7,225.0
2025-10-01,09:21:19.000,217.9,225.0,217.65,218.15,300.0
2025-10-01,09:21:20.000,218.12,225.0,217.85,218.4,600.0
2025-10-01,09:21:21.000,218.12,225.0,217.85,218.4,600.0
2025-10-01,09:21:22.000,219.25,300.0,219.0,219.5,150.0
2025-10-01,09:21:23.000,219.25,300.0,219.0,219.5,150.0
2025-10-01,09:21:24.000,219.4,225.0,219.15,219.65,150.0
2025-10-01,09:21:25.000,219.88,450.0,219.55,220.2,600.0
2025-10-01,09:21:26.000,219.88,450.0,219.55,220.2,600.0
2025-10-01,09:21:27.000,220.7,300.0,220.5,220.9,150.0
2025-10-01,09:21:28.000,220.7,300.0,220.5,220.9,150.0
2025-10-01,09:21:29.000,221.3,150.0,221.05,221.55,150.0
2025-10-01,09:21:30.000,220.98,150.0,220.75,221.2,300.0
2025-10-01,09:21:31.000,220.98,150.0,220.75,221.2,300.0
2025-10-01,09:21:32.000,220.58,450.0,220.3,220.85,150.0
2025-10-01,09:21:33.000,220.58,450.0,220.3,220.85,150.0
2025-10-01,09:21:34.000,219.58,225.0,219.3,219.85,225.0
2025-10-01,09:21:35.000,219.9,225.0,219.65,220.15,450.0
2025-10-01,09:21:36.000,219.9,225.0,219.65,220.15,450.0
2025-10-01,09:21:37.000,219.73,300.0,219.55,219.9,150.0
2025-10-01,09:21:38.000,219.73,300.0,219.55,219.9,150.0
2025-10-01,09:21:39.000,219.02,450.0,218.85,219.2,75.0
2025-10-01,09:21:40.000,219.18,375.0,219.05,219.3,225.0
2025-10-01,09:21:41.000,219.18,375.0,219.05,219.3,225.0
2025-10-01,09:21:42.000,219.12,300.0,218.85,219.4,375.0
2025-10-01,09:21:43.000,219.12,300.0,218.85,219.4,375.0
2025-10-01,09:21:44.000,218.98,300.0,218.75,219.2,75.0
2025-10-01,09:21:45.000,219.55,300.0,219.3,219.8,75.0
2025-10-01,09:21:46.000,219.55,300.0,219.3,219.8,75.0
2025-10-01,09:21:47.000,219.05,300.0,218.8,219.3,75.0
2025-10-01,09:21:48.000,219.05,300.0,218.8,219.3,75.0
2025-10-01,09:21:49.000,219.0,225.0,218.75,219.25,225.0
2025-10-01,09:21:50.000,218.58,75.0,218.3,218.85,225.0
2025-10-01,09:21:51.000,218.58,75.0,218.3,218.85,225.0
2025-10-01,09:21:52.000,218.95,150.0,218.7,219.2,225.0
2025-10-01,09:21:53.000,218.95,150.0,218.7,219.2,225.0
2025-10-01,09:21:54.000,219.32,375.0,219.0,219.65,225.0
2025-10-01,09:21:55.000,218.98,450.0,218.65,219.3,450.0
2025-10-01,09:21:56.000,218.98,450.0,218.65,219.3,450.0
2025-10-01,09:21:57.000,218.45,225.0,218.2,218.7,225.0
2025-10-01,09:21:58.000,218.45,225.0,218.2,218.7,225.0
2025-10-01,09:21:59.000,217.85,375.0,217.6,218.1,225.0
2025-10-01,09:22:00.000,216.9,300.0,216.65,217.15,75.0
2025-10-01,09:22:01.000,216.9,300.0,216.65,217.15,75.0
2025-10-01,09:22:02.000,216.85,75.0,216.55,217.15,525.0
2025-10-01,09:22:03.000,216.85,75.0,216.55,217.15,525.0
2025-10-01,09:22:04.000,216.42,225.0,216.15,216.7,225.0
2025-10-01,09:22:05.000,216.4,225.0,216.15,216.65,75.0
2025-10-01,09:22:06.000,216.4,225.0,216.15,216.65,75.0
2025-10-01,09:22:07.000,216.68,150.0,216.45,216.9,75.0
2025-10-01,09:22:08.000,216.68,150.0,216.45,216.9,75.0
2025-10-01,09:22:09.000,216.72,450.0,216.45,217.0,450.0
2025-10-01,09:22:10.000,217.68,75.0,217.5,217.85,75.0
2025-10-01,09:22:11.000,217.68,75.0,217.5,217.85,75.0
2025-10-01,09:22:12.000,216.95,375.0,216.75,217.15,150.0
2025-10-01,09:22:13.000,216.95,375.0,216.75,217.15,150.0
2025-10-01,09:22:14.000,216.4,375.0,216.1,216.7,300.0
2025-10-01,09:22:15.000,216.35,225.0,216.05,216.65,525.0
2025-10-01,09:22:16.000,216.35,225.0,216.05,216.65,525.0
2025-10-01,09:22:17.000,216.28,300.0,216.0,216.55,300.0
2025-10-01,09:22:18.000,216.28,300.0,216.0,216.55,300.0
2025-10-01,09:22:19.000,215.88,375.0,215.55,216.2,300.0
2025-10-01,09:22:20.000,215.98,375.0,215.7,216.25,75.0
2025-10-01,09:22:21.000,215.98,375.0,215.7,216.25,75.0
2025-10-01,09:22:22.000,215.92,525.0,215.6,216.25,450.0
2025-10-01,09:22:23.000,215.92,525.0,215.6,216.25,450.0
2025-10-01,09:22:24.000,215.8,75.0,215.6,216.0,75.0
2025-10-01,09:22:25.000,215.75,150.0,215.5,216.0,75.0
2025-10-01,09:22:26.000,215.75,150.0,215.5,216.0,75.0
2025-10-01,09:22:27.000,215.72,75.0,215.45,216.0,150.0
2025-10-01,09:22:28.000,215.72,75.0,215.45,216.0,150.0
2025-10-01,09:22:29.000,215.92,75.0,215.8,216.05,150.0
2025-10-01,09:22:30.000,216.28,825.0,216.0,216.55,75.0
2025-10-01,09:22:31.000,216.28,825.0,216.0,216.55,75.0
2025-10-01,09:22:32.000,215.9,525.0,215.65,216.15,75.0
2025-10-01,09:22:33.000,215.9,525.0,215.65,216.15,75.0
2025-10-01,09:22:34.000,216.2,75.0,215.95,216.45,75.0
2025-10-01,09:22:35.000,216.52,75.0,216.2,216.85,150.0
2025-10-01,09:22:36.000,216.52,75.0,216.2,216.85,150.0
2025-10-01,09:22:37.000,216.12,75.0,215.9,216.35,600.0
2025-10-01,09:22:38.000,216.12,75.0,215.9,216.35,600.0
2025-10-01,09:22:39.000,216.5,75.0,216.2,216.8,450.0
2025-10-01,09:22:40.000,216.52,525.0,216.2,216.85,750.0
2025-10-01,09:22:41.000,216.52,525.0,216.2,216.85,750.0
2025-10-01,09:22:42.000,216.18,75.0,215.9,216.45,300.0
2025-10-01,09:22:43.000,216.18,75.0,215.9,216.45,300.0
2025-10-01,09:22:44.000,216.38,75.0,216.1,216.65,525.0
2025-10-01,09:22:45.000,215.72,300.0,215.45,216.0,75.0
2025-10-01,09:22:46.000,215.72,300.0,215.45,216.0,75.0
2025-10-01,09:22:47.000,215.82,375.0,215.5,216.15,450.0
2025-10-01,09:22:48.000,215.82,375.0,215.5,216.15,450.0
2025-10-01,09:22:49.000,216.0,600.0,215.7,216.3,375.0
2025-10-01,09:22:50.000,215.9,225.0,215.6,216.2,75.0
2025-10-01,09:22:51.000,215.9,225.0,215.6,216.2,75.0
2025-10-01,09:22:52.000,216.15,750.0,215.9,216.4,75.0
2025-10-01,09:22:53.000,216.15,750.0,215.9,216.4,75.0
2025-10-01,09:22:54.000,216.4,600.0,216.1,216.7,225.0
2025-10-01,09:22:55.000,216.78,75.0,216.55,217.0,300.0
2025-10-01,09:22:56.000,216.78,75.0,216.55,217.0,300.0
2025-10-01,09:22:57.000,217.2,150.0,216.9,217.5,600.0
2025-10-01,09:22:58.000,217.2,150.0,216.9,217.5,600.0
2025-10-01,09:22:59.000,217.4,75.0,217.15,217.65,225.0
2025-10-01,09:23:00.000,217.18,525.0,216.85,217.5,600.0
2025-10-01,09:23:01.000,217.18,525.0,216.85,217.5,600.0
2025-10-01,09:23:02.000,217.65,150.0,217.4,217.9,75.0
2025-10-01,09:23:03.000,217.65,150.0,217.4,217.9,75.0
2025-10-01,09:23:04.000,217.25,600.0,217.1,217.4,150.0
2025-10-01,09:23:05.000,217.98,150.0,217.7,218.25,150.0
2025-10-01,09:23:06.000,217.98,150.0,217.7,218.25,150.0
2025-10-01,09:23:07.000,217.1,450.0,216.8,217.4,225.0
2025-10-01,09:23:08.000,217.1,450.0,216.8,217.4,225.0
2025-10-01,09:23:09.000,216.5,675.0,216.3,216.7,150.0
2025-10-01,09:23:10.000,217.6,75.0,217.35,217.85,150.0
2025-10-01,09:23:11.000,217.6,75.0,217.35,217.85,150.0
2025-10-01,09:23:12.000,216.95,75.0,216.7,217.2,150.0
2025-10-01,09:23:13.000,216.95,75.0,216.7,217.2,150.0
2025-10-01,09:23:14.000,216.3,375.0,216.05,216.55,150.0
2025-10-01,09:23:15.000,216.08,75.0,215.85,216.3,225.0
2025-10-01,09:23:16.000,216.08,75.0,215.85,216.3,225.0
2025-10-01,09:23:17.000,214.78,75.0,214.55,215.0,150.0
2025-10-01,09:23:18.000,214.78,75.0,214.55,215.0,150.0
2025-10-01,09:23:19.000,215.2,225.0,215.0,215.4,150.0
2025-10-01,09:23:20.000,215.38,75.0,215.15,215.6,150.0
2025-10-01,09:23:21.000,215.38,75.0,215.15,215.6,150.0
2025-10-01,09:23:22.000,215.8,300.0,215.6,216.0,75.0
2025-10-01,09:23:23.000,215.8,300.0,215.6,216.0,75.0
2025-10-01,09:23:24.000,215.78,150.0,215.55,216.0,75.0
2025-10-01,09:23:25.000,216.23,375.0,216.05,216.4,150.0
2025-10-01,09:23:26.000,216.23,375.0,216.05,216.4,150.0
2025-10-01,09:23:27.000,216.65,450.0,216.45,216.85,150.0
2025-10-01,09:23:28.000,216.65,450.0,216.45,216.85,150.0
2025-10-01,09:23:29.000,216.58,150.0,216.45,216.7,150.0
2025-10-01,09:23:30.000,216.62,1050.0,216.45,216.8,75.0
2025-10-01,09:23:31.000,216.62,1050.0,216.45,216.8,75.0
2025-10-01,09:23:32.000,215.85,150.0,215.55,216.15,450.0
2025-10-01,09:23:33.000,215.85,150.0,215.55,216.15,450.0
2025-10-01,09:23:34.000,215.9,675.0,215.6,216.2,750.0
2025-10-01,09:23:35.000,216.02,150.0,215.75,216.3,75.0
2025-10-01,09:23:36.000,216.02,150.0,215.75,216.3,75.0
2025-10-01,09:23:37.000,216.35,75.0,216.1,216.6,825.0
2025-10-01,09:23:38.000,216.35,75.0,216.1,216.6,825.0
2025-10-01,09:23:39.000,216.75,75.0,216.5,217.0,525.0
2025-10-01,09:23:40.000,216.68,75.0,216.4,216.95,825.0
2025-10-01,09:23:41.000,216.68,75.0,216.4,216.95,825.0
2025-10-01,09:23:42.000,216.35,75.0,216.2,216.5,300.0
2025-10-01,09:23:43.000,216.35,75.0,216.2,216.5,300.0
2025-10-01,09:23:44.000,215.88,375.0,215.55,216.2,600.0
2025-10-01,09:23:45.000,216.6,75.0,216.35,216.85,75.0
2025-10-01,09:23:46.000,216.6,75.0,216.35,216.85,75.0
2025-10-01,09:23:47.000,216.4,525.0,216.05,216.75,450.0
2025-10-01,09:23:48.000,216.4,525.0,216.05,216.75,450.0
2025-10-01,09:23:49.000,216.2,300.0,215.9,216.5,750.0
2025-10-01,09:23:50.000,216.23,75.0,216.05,216.4,300.0
2025-10-01,09:23:51.000,216.23,75.0,216.05,216.4,300.0
2025-10-01,09:23:52.000,215.32,75.0,215.2,215.45,75.0
2025-10-01,09:23:53.000,215.32,75.0,215.2,215.45,75.0
2025-10-01,09:23:54.000,215.02,300.0,214.7,215.35,150.0
2025-10-01,09:23:55.000,214.15,375.0,213.85,214.45,75.0
2025-10-01,09:23:56.000,214.15,375.0,213.85,214.45,75.0
2025-10-01,09:23:57.000,214.4,75.0,214.25,214.55,75.0
2025-10-01,09:23:58.000,214.4,75.0,214.25,214.55,75.0
2025-10-01,09:23:59.000,214.35,450.0,214.1,214.6,75.0
2025-10-01,09:24:00.000,214.15,225.0,213.95,214.35,75.0
2025-10-01,09:24:01.000,214.15,225.0,213.95,214.35,75.0
2025-10-01,09:24:02.000,213.68,150.0,213.45,213.9,75.0
2025-10-01,09:24:03.000,213.68,150.0,213.45,213.9,75.0
2025-10-01,09:24:04.000,213.95,75.0,213.65,214.25,525.0
2025-10-01,09:24:05.000,214.12,75.0,214.0,214.25,150.0
2025-10-01,09:24:06.000,214.12,75.0,214.0,214.25,150.0
2025-10-01,09:24:07.000,213.15,150.0,212.85,213.45,300.0
2025-10-01,09:24:08.000,213.15,150.0,212.85,213.45,300.0
2025-10-01,09:24:09.000,213.6,150.0,213.45,213.75,375.0
2025-10-01,09:24:10.000,213.9,75.0,213.65,214.15,525.0
2025-10-01,09:24:11.000,213.9,75.0,213.65,214.15,525.0
2025-10-01,09:24:12.000,213.7,300.0,213.35,214.05,375.0
2025-10-01,09:24:13.000,213.7,300.0,213.35,214.05,375.0
2025-10-01,09:24:14.000,213.77,375.0,213.45,214.1,450.0
2025-10-01,09:24:15.000,214.2,75.0,213.9,214.5,375.0
2025-10-01,09:24:16.000,214.2,75.0,213.9,214.5,375.0
2025-10-01,09:24:17.000,213.68,1500.0,213.4,213.95,600.0
2025-10-01,09:24:18.000,213.68,1500.0,213.4,213.95,600.0
2025-10-01,09:24:19.000,213.58,1200.0,213.4,213.75,75.0
2025-10-01,09:24:20.000,212.78,525.0,212.5,213.05,300.0
2025-10-01,09:24:21.000,212.78,525.0,212.5,213.05,300.0
2025-10-01,09:24:22.000,212.65,150.0,212.35,212.95,375.0
2025-10-01,09:24:23.000,212.65,150.0,212.35,212.95,375.0
2025-10-01,09:24:24.000,213.15,675.0,212.85,213.45,225.0
2025-10-01,09:24:25.000,213.52,225.0,213.3,213.75,300.0
2025-10-01,09:24:26.000,213.52,225.0,213.3,213.75,300.0
2025-10-01,09:24:27.000,212.8,450.0,212.55,213.05,75.0
2025-10-01,09:24:28.000,212.8,450.0,212.55,213.05,75.0
2025-10-01,09:24:29.000,212.78,600.0,212.55,213.0,375.0
2025-10-01,09:24:30.000,212.88,375.0,212.75,213.0,375.0
2025-10-01,09:24:31.000,212.88,375.0,212.75,213.0,375.0
2025-10-01,09:24:32.000,213.8,225.0,213.55,214.05,225.0
2025-10-01,09:24:33.000,213.8,225.0,213.55,214.05,225.0
2025-10-01,09:24:34.000,214.15,75.0,213.95,214.35,150.0
2025-10-01,09:24:35.000,214.78,300.0,214.55,215.0,150.0
2025-10-01,09:24:36.000,214.78,300.0,214.55,215.0,150.0
2025-10-01,09:24:37.000,214.95,75.0,214.7,215.2,150.0
2025-10-01,09:24:38.000,214.95,75.0,214.7,215.2,150.0
2025-10-01,09:24:39.000,214.95,750.0,214.65,215.25,525.0
2025-10-01,09:24:40.000,215.3,375.0,215.0,215.6,75.0
2025-10-01,09:24:41.000,215.3,375.0,215.0,215.6,75.0
2025-10-01,09:24:42.000,214.95,150.0,214.65,215.25,300.0
2025-10-01,09:24:43.000,214.95,150.0,214.65,215.25,300.0
2025-10-01,09:24:44.000,214.38,450.0,214.05,214.7,525.0
2025-10-01,09:24:45.000,214.27,375.0,213.95,214.6,75.0
2025-10-01,09:24:46.000,214.27,375.0,213.95,214.6,75.0
2025-10-01,09:24:47.000,214.1,525.0,213.8,214.4,525.0
2025-10-01,09:24:48.000,214.1,525.0,213.8,214.4,525.0
2025-10-01,09:24:49.000,214.28,300.0,214.0,214.55,75.0
2025-10-01,09:24:50.000,213.2,375.0,213.0,213.4,600.0
2025-10-01,09:24:51.000,213.2,375.0,213.0,213.4,600.0
2025-10-01,09:24:52.000,212.6,75.0,212.3,212.9,150.0
2025-10-01,09:24:53.000,212.6,75.0,212.3,212.9,150.0
2025-10-01,09:24:54.000,212.4,75.0,212.25,212.55,450.0
2025-10-01,09:24:55.000,212.38,75.0,212.25,212.5,150.0
2025-10-01,09:24:56.000,212.38,75.0,212.25,212.5,150.0
2025-10-01,09:24:57.000,212.45,525.0,212.2,212.7,75.0
2025-10-01,09:24:58.000,212.45,525.0,212.2,212.7,75.0
2025-10-01,09:24:59.000,212.2,75.0,212.0,212.4,300.0
2025-10-01,09:25:00.000,211.45,675.0,211.2,211.7,750.0
2025-10-01,09:25:01.000,211.45,675.0,211.2,211.7,750.0
2025-10-01,09:25:02.000,211.8,150.0,211.7,211.9,225.0
2025-10-01,09:25:03.000,211.8,150.0,211.7,211.9,225.0
2025-10-01,09:25:04.000,211.6,150.0,211.5,211.7,75.0
2025-10-01,09:25:05.000,211.55,150.0,211.4,211.7,75.0
2025-10-01,09:25:06.000,211.55,150.0,211.4,211.7,75.0
2025-10-01,09:25:07.000,212.48,75.0,212.25,212.7,75.0
2025-10-01,09:25:08.000,211.95,75.0,211.7,212.2,300.0
2025-10-01,09:25:09.000,211.95,75.0,211.7,212.2,300.0
2025-10-01,09:25:10.000,211.6,150.0,211.45,211.75,75.0
2025-10-01,09:25:11.000,211.6,150.0,211.45,211.75,75.0
2025-10-01,09:25:12.000,211.45,75.0,211.25,211.65,75.0
2025-10-01,09:25:13.000,211.02,450.0,210.8,211.25,75.0
2025-10-01,09:25:14.000,211.02,450.0,210.8,211.25,75.0
2025-10-01,09:25:15.000,210.82,375.0,210.6,211.05,300.0
2025-10-01,09:25:16.000,210.82,375.0,210.6,211.05,300.0
2025-10-01,09:25:17.000,210.3,150.0,210.1,210.5,75.0
2025-10-01,09:25:18.000,210.5,450.0,210.25,210.75,75.0
2025-10-01,09:25:19.000,210.5,450.0,210.25,210.75,75.0
2025-10-01,09:25:20.000,210.45,150.0,210.3,210.6,75.0
2025-10-01,09:25:21.000,210.45,150.0,210.3,210.6,75.0
2025-10-01,09:25:22.000,211.02,150.0,210.9,211.15,75.0
2025-10-01,09:25:23.000,211.02,75.0,210.9,211.15,150.0
2025-10-01,09:25:24.000,211.02,75.0,210.9,211.15,150.0
2025-10-01,09:25:25.000,211.08,150.0,210.85,211.3,75.0
2025-10-01,09:25:26.000,211.08,150.0,210.85,211.3,75.0
2025-10-01,09:25:27.000,211.32,450.0,211.05,211.6,75.0
2025-10-01,09:25:28.000,211.18,75.0,210.9,211.45,75.0
2025-10-01,09:25:29.000,211.18,75.0,210.9,211.45,75.0
2025-10-01,09:25:30.000,211.3,375.0,211.1,211.5,75.0
2025-10-01,09:25:31.000,211.3,375.0,211.1,211.5,75.0
2025-10-01,09:25:32.000,211.62,150.0,211.3,211.95,525.0
2025-10-01,09:25:33.000,211.38,375.0,211.05,211.7,150.0
2025-10-01,09:25:34.000,211.38,375.0,211.05,211.7,150.0
2025-10-01,09:25:35.000,211.5,150.0,211.25,211.75,150.0
2025-10-01,09:25:36.000,211.5,150.0,211.25,211.75,150.0
2025-10-01,09:25:37.000,211.1,150.0,210.95,211.25,225.0
2025-10-01,09:25:38.000,210.75,150.0,210.45,211.05,375.0
2025-10-01,09:25:39.000,210.75,150.0,210.45,211.05,375.0
2025-10-01,09:25:40.000,209.92,675.0,209.65,210.2,150.0
2025-10-01,09:25:41.000,209.92,675.0,209.65,210.2,150.0
2025-10-01,09:25:42.000,209.9,75.0,209.6,210.2,525.0
2025-10-01,09:25:43.000,210.48,225.0,210.2,210.75,150.0
2025-10-01,09:25:44.000,210.48,225.0,210.2,210.75,150.0
2025-10-01,09:25:45.000,210.9,225.0,210.75,211.05,150.0
2025-10-01,09:25:46.000,210.9,225.0,210.75,211.05,150.0
2025-10-01,09:25:47.000,210.82,375.0,210.5,211.15,375.0
2025-10-01,09:25:48.000,210.12,75.0,209.85,210.4,300.0
2025-10-01,09:25:49.000,210.12,75.0,209.85,210.4,300.0
2025-10-01,09:25:50.000,210.62,150.0,210.3,210.95,525.0
2025-10-01,09:25:51.000,210.62,150.0,210.3,210.95,525.0
2025-10-01,09:25:52.000,210.35,300.0,210.05,210.65,150.0
2025-10-01,09:25:53.000,210.72,150.0,210.35,211.1,450.0
2025-10-01,09:25:54.000,210.72,150.0,210.35,211.1,450.0
2025-10-01,09:25:55.000,210.9,525.0,210.55,211.25,225.0
2025-10-01,09:25:56.000,210.9,525.0,210.55,211.25,225.0
2025-10-01,09:25:57.000,211.2,450.0,210.9,211.5,300.0
2025-10-01,09:25:58.000,211.48,375.0,211.2,211.75,150.0
2025-10-01,09:25:59.000,211.48,375.0,211.2,211.75,150.0
2025-10-01,09:26:00.000,212.1,375.0,211.95,212.25,225.0
2025-10-01,09:26:01.000,212.1,375.0,211.95,212.25,225.0
2025-10-01,09:26:02.000,211.95,225.0,211.65,212.25,375.0
2025-10-01,09:26:03.000,211.98,225.0,211.7,212.25,150.0
2025-10-01,09:26:04.000,211.98,225.0,211.7,212.25,150.0
2025-10-01,09:26:05.000,211.92,525.0,211.65,212.2,75.0
2025-10-01,09:26:06.000,211.92,525.0,211.65,212.2,75.0
2025-10-01,09:26:07.000,212.62,225.0,212.35,212.9,75.0
2025-10-01,09:26:08.000,212.95,600.0,212.65,213.25,150.0
2025-10-01,09:26:09.000,212.95,600.0,212.65,213.25,150.0
2025-10-01,09:26:10.000,212.78,150.0,212.55,213.0,450.0
2025-10-01,09:26:11.000,212.78,150.0,212.55,213.0,450.0
2025-10-01,09:26:12.000,213.65,150.0,213.55,213.75,225.0
2025-10-01,09:26:13.000,214.58,225.0,214.25,214.9,225.0
2025-10-01,09:26:14.000,214.58,225.0,214.25,214.9,225.0
2025-10-01,09:26:15.000,214.75,900.0,214.6,214.9,75.0
2025-10-01,09:26:16.000,214.75,900.0,214.6,214.9,75.0
2025-10-01,09:26:17.000,214.98,225.0,214.7,215.25,150.0
2025-10-01,09:26:18.000,214.02,150.0,213.75,214.3,300.0
2025-10-01,09:26:19.000,214.02,150.0,213.75,214.3,300.0
2025-10-01,09:26:20.000,212.88,225.0,212.6,213.15,225.0
2025-10-01,09:26:21.000,212.88,225.0,212.6,213.15,225.0
2025-10-01,09:26:22.000,212.32,375.0,212.05,212.6,75.0
2025-10-01,09:26:23.000,212.88,225.0,212.6,213.15,150.0
2025-10-01,09:26:24.000,212.88,225.0,212.6,213.15,150.0
2025-10-01,09:26:25.000,212.1,150.0,211.8,212.4,525.0
2025-10-01,09:26:26.000,212.1,150.0,211.8,212.4,525.0
2025-10-01,09:26:27.000,212.05,75.0,211.8,212.3,75.0
2025-10-01,09:26:28.000,212.05,75.0,211.8,212.3,75.0
2025-10-01,09:26:29.000,212.2,75.0,211.9,212.5,525.0
2025-10-01,09:26:30.000,212.6,150.0,212.45,212.75,300.0
2025-10-01,09:26:31.000,212.6,150.0,212.45,212.75,300.0
2025-10-01,09:26:32.000,212.48,300.0,212.2,212.75,375.0
2025-10-01,09:26:33.000,212.48,300.0,212.2,212.75,375.0
2025-10-01,09:26:34.000,212.38,75.0,212.1,212.65,75.0
2025-10-01,09:26:35.000,212.5,150.0,212.35,212.65,300.0
2025-10-01,09:26:36.000,212.5,150.0,212.35,212.65,300.0
2025-10-01,09:26:37.000,212.4,825.0,212.1,212.7,75.0
2025-10-01,09:26:38.000,212.4,825.0,212.1,212.7,75.0
2025-10-01,09:26:39.000,212.27,75.0,212.1,212.45,150.0
2025-10-01,09:26:40.000,212.1,150.0,211.8,212.4,825.0
2025-10-01,09:26:41.000,212.1,150.0,211.8,212.4,825.0
2025-10-01,09:26:42.000,211.42,150.0,211.15,211.7,75.0
2025-10-01,09:26:43.000,210.58,450.0,210.3,210.85,225.0
2025-10-01,09:26:44.000,210.58,450.0,210.3,210.85,225.0
2025-10-01,09:26:45.000,211.5,225.0,211.2,211.8,375.0
2025-10-01,09:26:46.000,211.5,225.0,211.2,211.8,375.0
2025-10-01,09:26:47.000,211.52,75.0,211.3,211.75,150.0
2025-10-01,09:26:48.000,211.58,75.0,211.3,211.85,675.0
2025-10-01,09:26:49.000,211.58,75.0,211.3,211.85,675.0
2025-10-01,09:26:50.000,210.62,525.0,210.3,210.95,225.0
2025-10-01,09:26:51.000,210.62,525.0,210.3,210.95,225.0
2025-10-01,09:26:52.000,210.95,75.0,210.7,211.2,375.0
2025-10-01,09:26:53.000,210.75,75.0,210.5,211.0,300.0
2025-10-01,09:26:54.000,210.75,75.0,210.5,211.0,300.0
2025-10-01,09:26:55.000,210.88,225.0,210.75,211.0,150.0
2025-10-01,09:26:56.000,210.88,225.0,210.75,211.0,150.0
2025-10-01,09:26:57.000,210.82,150.0,210.7,210.95,75.0
2025-10-01,09:26:58.000,210.82,375.0,210.55,211.1,375.0
2025-10-01,09:26:59.000,210.82,375.0,210.55,211.1,375.0
2025-10-01,09:27:00.000,210.52,300.0,210.35,210.7,75.0
2025-10-01,09:27:01.000,210.52,300.0,210.35,210.7,75.0
2025-10-01,09:27:02.000,210.55,75.0,210.35,210.75,375.0
2025-10-01,09:27:03.000,210.8,750.0,210.6,211.0,150.0
2025-10-01,09:27:04.000,210.8,750.0,210.6,211.0,150.0
2025-10-01,09:27:05.000,211.08,75.0,210.8,211.35,150.0
2025-10-01,09:27:06.000,211.08,75.0,210.8,211.35,150.0
2025-10-01,09:27:07.000,211.6,75.0,211.45,211.75,150.0
2025-10-01,09:27:08.000,211.05,75.0,210.8,211.3,75.0
2025-10-01,09:27:09.000,211.05,75.0,210.8,211.3,75.0
2025-10-01,09:27:10.000,211.0,150.0,210.9,211.1,600.0
2025-10-01,09:27:11.000,211.0,150.0,210.9,211.1,600.0
2025-10-01,09:27:12.000,210.4,300.0,210.15,210.65,225.0
2025-10-01,09:27:13.000,210.88,75.0,210.65,211.1,75.0
2025-10-01,09:27:14.000,210.88,75.0,210.65,211.1,75.0
2025-10-01,09:27:15.000,211.42,150.0,211.3,211.55,675.0
2025-10-01,09:27:16.000,211.42,150.0,211.3,211.55,675.0
2025-10-01,09:27:17.000,210.72,75.0,210.5,210.95,75.0
2025-10-01,09:27:18.000,211.15,300.0,210.8,211.5,150.0
2025-10-01,09:27:19.000,211.15,300.0,210.8,211.5,150.0
2025-10-01,09:27:20.000,211.32,150.0,211.2,211.45,150.0
2025-10-01,09:27:21.000,211.32,150.0,211.2,211.45,150.0
2025-10-01,09:27:22.000,211.4,150.0,211.2,211.6,75.0
2025-10-01,09:27:23.000,211.5,225.0,211.25,211.75,150.0
2025-10-01,09:27:24.000,211.5,225.0,211.25,211.75,150.0
2025-10-01,09:27:25.000,212.02,600.0,211.8,212.25,150.0
2025-10-01,09:27:26.000,212.02,600.0,211.8,212.25,150.0
2025-10-01,09:27:27.000,211.7,600.0,211.4,212.0,450.0
2025-10-01,09:27:28.000,211.35,75.0,211.1,211.6,75.0
2025-10-01,09:27:29.000,211.35,75.0,211.1,211.6,75.0
2025-10-01,09:27:30.000,210.25,75.0,210.0,210.5,300.0
2025-10-01,09:27:31.000,210.25,75.0,210.0,210.5,300.0
2025-10-01,09:27:32.000,210.08,150.0,209.85,210.3,600.0
2025-10-01,09:27:33.000,209.62,150.0,209.35,209.9,75.0
2025-10-01,09:27:34.000,209.62,150.0,209.35,209.9,75.0
2025-10-01,09:27:35.000,210.12,225.0,209.85,210.4,300.0
2025-10-01,09:27:36.000,210.12,225.0,209.85,210.4,300.0
2025-10-01,09:27:37.000,210.0,150.0,209.75,210.25,75.0
2025-10-01,09:27:38.000,210.2,750.0,209.9,210.5,300.0
2025-10-01,09:27:39.000,210.2,750.0,209.9,210.5,300.0
2025-10-01,09:27:40.000,210.32,150.0,210.1,210.55,75.0
2025-10-01,09:27:41.000,210.32,150.0,210.1,210.55,75.0
2025-10-01,09:27:42.000,211.0,225.0,210.8,211.2,525.0
2025-10-01,09:27:43.000,211.05,150.0,210.85,211.25,300.0
2025-10-01,09:27:44.000,211.05,150.0,210.85,211.25,300.0
2025-10-01,09:27:45.000,210.78,525.0,210.5,211.05,150.0
2025-10-01,09:27:46.000,210.78,525.0,210.5,211.05,150.0
2025-10-01,09:27:47.000,210.75,150.0,210.65,210.85,75.0
2025-10-01,09:27:48.000,210.3,1275.0,210.0,210.6,225.0
2025-10-01,09:27:49.000,210.3,1275.0,210.0,210.6,225.0
2025-10-01,09:27:50.000,210.42,675.0,210.15,210.7,75.0
2025-10-01,09:27:51.000,210.42,675.0,210.15,210.7,75.0
2025-10-01,09:27:52.000,210.08,75.0,210.0,210.15,75.0
2025-10-01,09:27:53.000,210.38,225.0,210.05,210.7,450.0
2025-10-01,09:27:54.000,210.38,225.0,210.05,210.7,450.0
2025-10-01,09:27:55.000,210.6,150.0,210.4,210.8,450.0
2025-10-01,09:27:56.000,210.6,150.0,210.4,210.8,450.0
2025-10-01,09:27:57.000,210.95,150.0,210.75,211.15,75.0
2025-10-01,09:27:58.000,210.8,375.0,210.65,210.95,75.0
2025-10-01,09:27:59.000,210.8,375.0,210.65,210.95,75.0
2025-10-01,09:28:00.000,210.05,300.0,210.0,210.1,75.0
2025-10-01,09:28:01.000,210.05,300.0,210.0,210.1,75.0
2025-10-01,09:28:02.000,210.08,150.0,210.0,210.15,75.0
2025-10-01,09:28:03.000,209.38,2250.0,209.15,209.6,150.0
2025-10-01,09:28:04.000,209.38,2250.0,209.15,209.6,150.0
2025-10-01,09:28:05.000,210.12,150.0,210.0,210.25,300.0
2025-10-01,09:28:06.000,210.12,150.0,210.0,210.25,300.0
2025-10-01,09:28:07.000,209.18,150.0,209.0,209.35,525.0
2025-10-01,09:28:08.000,209.55,75.0,209.25,209.85,675.0
2025-10-01,09:28:09.000,209.55,75.0,209.25,209.85,675.0
2025-10-01,09:28:10.000,209.5,150.0,209.3,209.7,300.0
2025-10-01,09:28:11.000,209.5,150.0,209.3,209.7,300.0
2025-10-01,09:28:12.000,209.15,225.0,208.9,209.4,450.0
2025-10-01,09:28:13.000,209.18,225.0,208.85,209.5,150.0
2025-10-01,09:28:14.000,209.18,225.0,208.85,209.5,150.0
2025-10-01,09:28:15.000,210.08,150.0,209.9,210.25,150.0
2025-10-01,09:28:16.000,210.08,150.0,209.9,210.25,150.0
2025-10-01,09:28:17.000,209.4,75.0,209.1,209.7,300.0
2025-10-01,09:28:18.000,209.65,225.0,209.35,209.95,225.0
2025-10-01,09:28:19.000,209.65,225.0,209.35,209.95,225.0
2025-10-01,09:28:20.000,210.38,150.0,210.15,210.6,450.0
2025-10-01,09:28:21.000,210.38,150.0,210.15,210.6,450.0
2025-10-01,09:28:22.000,210.38,150.0,210.25,210.5,150.0
2025-10-01,09:28:23.000,209.4,225.0,209.15,209.65,150.0
2025-10-01,09:28:24.000,209.4,225.0,209.15,209.65,150.0
2025-10-01,09:28:25.000,209.0,75.0,208.85,209.15,375.0
2025-10-01,09:28:26.000,209.0,75.0,208.85,209.15,375.0
2025-10-01,09:28:27.000,209.08,75.0,208.9,209.25,525.0
2025-10-01,09:28:28.000,208.65,75.0,208.4,208.9,150.0
2025-10-01,09:28:29.000,208.65,75.0,208.4,208.9,150.0
2025-10-01,09:28:30.000,208.5,75.0,208.25,208.75,600.0
2025-10-01,09:28:31.000,208.5,75.0,208.25,208.75,600.0
2025-10-01,09:28:32.000,208.42,150.0,208.15,208.7,75.0
2025-10-01,09:28:33.000,208.42,150.0,208.15,208.7,75.0
2025-10-01,09:28:34.000,208.35,75.0,208.1,208.6,225.0
2025-10-01,09:28:35.000,208.32,75.0,208.2,208.45,75.0
2025-10-01,09:28:36.000,208.32,75.0,208.2,208.45,75.0
2025-10-01,09:28:37.000,207.95,75.0,207.7,208.2,225.0
2025-10-01,09:28:38.000,207.95,75.0,207.7,208.2,225.0
2025-10-01,09:28:39.000,207.82,900.0,207.65,208.0,750.0
2025-10-01,09:28:40.000,208.38,150.0,208.2,208.55,75.0
2025-10-01,09:28:41.000,208.38,150.0,208.2,208.55,75.0
2025-10-01,09:28:42.000,208.4,75.0,208.25,208.55,150.0
2025-10-01,09:28:43.000,208.4,75.0,208.25,208.55,150.0
2025-10-01,09:28:44.000,208.42,75.0,208.15,208.7,150.0
2025-10-01,09:28:45.000,208.25,75.0,208.05,208.45,225.0
2025-10-01,09:28:46.000,208.25,75.0,208.05,208.45,225.0
2025-10-01,09:28:47.000,208.0,225.0,207.7,208.3,150.0
2025-10-01,09:28:48.000,208.5,75.0,208.25,208.75,150.0
2025-10-01,09:28:49.000,208.5,75.0,208.25,208.75,150.0
2025-10-01,09:28:50.000,208.5,300.0,208.25,208.75,375.0
2025-10-01,09:28:51.000,208.5,300.0,208.25,208.75,375.0
2025-10-01,09:28:52.000,208.78,150.0,208.65,208.9,75.0
2025-10-01,09:28:53.000,208.68,150.0,208.5,208.85,75.0
2025-10-01,09:28:54.000,208.68,150.0,208.5,208.85,75.0
2025-10-01,09:28:55.000,207.9,225.0,207.7,208.1,75.0
2025-10-01,09:28:56.000,207.9,225.0,207.7,208.1,75.0
2025-10-01,09:28:57.000,208.62,150.0,208.5,208.75,75.0
2025-10-01,09:28:58.000,208.55,225.0,208.35,208.75,75.0
2025-10-01,09:28:59.000,208.55,225.0,208.35,208.75,75.0
2025-10-01,09:29:00.000,209.08,225.0,208.9,209.25,150.0
2025-10-01,09:29:01.000,209.08,225.0,208.9,209.25,150.0
2025-10-01,09:29:02.000,208.82,150.0,208.55,209.1,150.0
2025-10-01,09:29:03.000,208.85,75.0,208.55,209.15,300.0
2025-10-01,09:29:04.000,208.85,75.0,208.55,209.15,300.0
2025-10-01,09:29:05.000,208.75,225.0,208.5,209.0,375.0
2025-10-01,09:29:06.000,208.75,225.0,208.5,209.0,375.0
2025-10-01,09:29:07.000,209.0,150.0,208.75,209.25,450.0
2025-10-01,09:29:08.000,208.25,150.0,207.95,208.55,375.0
2025-10-01,09:29:09.000,208.25,150.0,207.95,208.55,375.0
2025-10-01,09:29:10.000,209.0,75.0,208.75,209.25,375.0
2025-10-01,09:29:11.000,209.0,75.0,208.75,209.25,375.0
2025-10-01,09:29:12.000,208.38,75.0,208.1,208.65,225.0
2025-10-01,09:29:13.000,208.25,300.0,208.05,208.45,150.0
2025-10-01,09:29:14.000,208.25,300.0,208.05,208.45,150.0
2025-10-01,09:29:15.000,207.92,225.0,207.7,208.15,225.0
2025-10-01,09:29:16.000,207.92,225.0,207.7,208.15,225.0
2025-10-01,09:29:17.000,208.7,150.0,208.45,208.95,450.0
2025-10-01,09:29:18.000,208.7,225.0,208.45,208.95,150.0
2025-10-01,09:29:19.000,208.7,225.0,208.45,208.95,150.0
2025-10-01,09:29:20.000,208.55,75.0,208.35,208.75,150.0
2025-10-01,09:29:21.000,208.55,75.0,208.35,208.75,150.0
2025-10-01,09:29:22.000,207.6,225.0,207.35,207.85,225.0
2025-10-01,09:29:23.000,207.3,75.0,207.1,207.5,1500.0
2025-10-01,09:29:24.000,207.3,75.0,207.1,207.5,1500.0
2025-10-01,09:29:25.000,207.08,225.0,206.9,207.25,300.0
2025-10-01,09:29:26.000,207.08,225.0,206.9,207.25,300.0
2025-10-01,09:29:27.000,206.77,75.0,206.6,206.95,75.0
2025-10-01,09:29:28.000,207.32,375.0,207.15,207.5,1425.0
2025-10-01,09:29:29.000,207.32,375.0,207.15,207.5,1425.0
2025-10-01,09:29:30.000,207.1,150.0,206.95,207.25,600.0
2025-10-01,09:29:31.000,207.1,150.0,206.95,207.25,600.0
2025-10-01,09:29:32.000,207.08,150.0,206.9,207.25,375.0
2025-10-01,09:29:33.000,207.12,150.0,206.95,207.3,75.0
2025-10-01,09:29:34.000,207.12,150.0,206.95,207.3,75.0
2025-10-01,09:29:35.000,206.95,150.0,206.8,207.1,600.0
2025-10-01,09:29:36.000,206.95,150.0,206.8,207.1,600.0
2025-10-01,09:29:37.000,207.0,75.0,206.85,207.15,150.0
2025-10-01,09:29:38.000,206.3,75.0,206.05,206.55,375.0
2025-10-01,09:29:39.000,206.3,75.0,206.05,206.55,375.0
2025-10-01,09:29:40.000,206.18,150.0,206.05,206.3,600.0
2025-10-01,09:29:41.000,206.18,150.0,206.05,206.3,600.0
2025-10-01,09:29:42.000,206.18,300.0,205.9,206.45,375.0
2025-10-01,09:29:43.000,206.15,75.0,205.9,206.4,600.0
2025-10-01,09:29:44.000,206.15,75.0,205.9,206.4,600.0
2025-10-01,09:29:45.000,206.48,225.0,206.3,206.65,525.0
2025-10-01,09:29:46.000,206.48,225.0,206.3,206.65,525.0
2025-10-01,09:29:47.000,205.92,225.0,205.7,206.15,75.0
2025-10-01,09:29:48.000,206.12,75.0,205.9,206.35,225.0
2025-10-01,09:29:49.000,206.12,75.0,205.9,206.35,225.0
2025-10-01,09:29:50.000,206.58,225.0,206.35,206.8,75.0
2025-10-01,09:29:51.000,206.58,225.0,206.35,206.8,75.0
2025-10-01,09:29:52.000,206.45,600.0,206.2,206.7,225.0
2025-10-01,09:29:53.000,206.08,225.0,205.85,206.3,225.0
2025-10-01,09:29:54.000,206.08,225.0,205.85,206.3,225.0
2025-10-01,09:29:55.000,205.9,150.0,205.8,206.0,225.0
2025-10-01,09:29:56.000,205.9,150.0,205.8,206.0,225.0
2025-10-01,09:29:57.000,205.42,300.0,205.2,205.65,75.0
2025-10-01,09:29:58.000,205.35,225.0,205.1,205.6,75.0
2025-10-01,09:29:59.000,205.35,225.0,205.1,205.6,75.0
2025-10-01,09:30:00.000,206.23,150.0,206.15,206.3,75.0
2025-10-01,09:30:01.000,206.23,150.0,206.15,206.3,75.0
2025-10-01,09:30:02.000,205.4,450.0,205.15,205.65,600.0
2025-10-01,09:30:03.000,205.3,300.0,205.05,205.55,225.0
2025-10-01,09:30:04.000,205.3,300.0,205.05,205.55,225.0
2025-10-01,09:30:05.000,205.38,150.0,205.25,205.5,375.0
2025-10-01,09:30:06.000,205.38,150.0,205.25,205.5,375.0
2025-10-01,09:30:07.000,205.2,300.0,205.0,205.4,300.0
2025-10-01,09:30:08.000,204.72,225.0,204.5,204.95,75.0
2025-10-01,09:30:09.000,204.72,225.0,204.5,204.95,75.0
2025-10-01,09:30:10.000,205.0,150.0,204.9,205.1,75.0
2025-10-01,09:30:11.000,205.0,150.0,204.9,205.1,75.0
2025-10-01,09:30:12.000,204.65,450.0,204.35,204.95,450.0
2025-10-01,09:30:13.000,204.5,375.0,204.3,204.7,375.0
2025-10-01,09:30:14.000,204.5,375.0,204.3,204.7,375.0
2025-10-01,09:30:15.000,203.52,75.0,203.45,203.6,75.0
2025-10-01,09:30:16.000,203.52,75.0,203.45,203.6,75.0
2025-10-01,09:30:17.000,203.05,150.0,202.85,203.25,375.0
2025-10-01,09:30:18.000,202.9,225.0,202.7,203.1,450.0
2025-10-01,09:30:19.000,202.9,225.0,202.7,203.1,450.0
2025-10-01,09:30:20.000,203.18,75.0,203.0,203.35,450.0
2025-10-01,09:30:21.000,203.18,75.0,203.0,203.35,450.0
2025-10-01,09:30:22.000,203.28,450.0,203.0,203.55,75.0
2025-10-01,09:30:23.000,203.35,75.0,203.15,203.55,375.0
2025-10-01,09:30:24.000,203.35,75.0,203.15,203.55,375.0
2025-10-01,09:30:25.000,203.68,525.0,203.45,203.9,75.0
2025-10-01,09:30:26.000,203.68,525.0,203.45,203.9,75.0
2025-10-01,09:30:27.000,203.48,150.0,203.2,203.75,225.0
2025-10-01,09:30:28.000,203.65,150.0,203.35,203.95,150.0
2025-10-01,09:30:29.000,203.65,150.0,203.35,203.95,150.0
2025-10-01,09:30:30.000,202.88,75.0,202.65,203.1,150.0
2025-10-01,09:30:31.000,202.88,75.0,202.65,203.1,150.0
2025-10-01,09:30:32.000,202.75,150.0,202.5,203.0,225.0
2025-10-01,09:30:33.000,202.6,225.0,202.35,202.85,225.0
2025-10-01,09:30:34.000,202.6,225.0,202.35,202.85,225.0
2025-10-01,09:30:35.000,202.8,375.0,202.6,203.0,375.0
2025-10-01,09:30:36.000,202.8,375.0,202.6,203.0,375.0
2025-10-01,09:30:37.000,202.52,150.0,202.25,202.8,375.0
2025-10-01,09:30:38.000,202.52,150.0,202.25,202.8,375.0
2025-10-01,09:30:39.000,201.88,75.0,201.75,202.0,300.0
2025-10-01,09:30:40.000,201.65,150.0,201.4,201.9,300.0
2025-10-01,09:30:41.000,201.65,150.0,201.4,201.9,300.0
2025-10-01,09:30:42.000,201.08,150.0,200.85,201.3,225.0
2025-10-01,09:30:43.000,201.08,150.0,200.85,201.3,225.0
2025-10-01,09:30:44.000,200.72,150.0,200.6,200.85,75.0
2025-10-01,09:30:45.000,200.98,150.0,200.85,201.1,525.0
2025-10-01,09:30:46.000,200.98,150.0,200.85,201.1,525.0
2025-10-01,09:30:47.000,200.55,150.0,200.3,200.8,525.0
2025-10-01,09:30:48.000,200.55,150.0,200.3,200.8,525.0
2025-10-01,09:30:49.000,199.72,225.0,199.5,199.95,450.0
2025-10-01,09:30:50.000,200.15,450.0,199.95,200.35,75.0
2025-10-01,09:30:51.000,200.15,450.0,199.95,200.35,75.0
2025-10-01,09:30:52.000,200.8,75.0,200.65,200.95,525.0
2025-10-01,09:30:53.000,200.8,75.0,200.65,200.95,525.0
2025-10-01,09:30:54.000,200.32,150.0,200.1,200.55,225.0
2025-10-01,09:30:55.000,200.02,225.0,199.8,200.25,675.0
2025-10-01,09:30:56.000,200.02,225.0,199.8,200.25,675.0
2025-10-01,09:30:57.000,200.25,375.0,200.0,200.5,300.0
2025-10-01,09:30:58.000,200.25,375.0,200.0,200.5,300.0
2025-10-01,09:30:59.000,200.42,150.0,200.2,200.65,225.0
2025-10-01,09:31:00.000,200.45,375.0,200.25,200.65,300.0
2025-10-01,09:31:01.000,200.45,375.0,200.25,200.65,300.0
2025-10-01,09:31:02.000,200.32,375.0,200.25,200.4,75.0
2025-10-01,09:31:03.000,200.32,375.0,200.25,200.4,75.0
2025-10-01,09:31:04.000,199.78,150.0,199.55,200.0,225.0
2025-10-01,09:31:05.000,200.0,150.0,199.85,200.15,75.0
2025-10-01,09:31:06.000,200.0,150.0,199.85,200.15,75.0
2025-10-01,09:31:07.000,200.02,150.0,199.8,200.25,75.0
2025-10-01,09:31:08.000,200.02,150.0,199.8,200.25,75.0
2025-10-01,09:31:09.000,200.1,75.0,199.95,200.25,75.0
2025-10-01,09:31:10.000,200.55,75.0,200.5,200.6,75.0
2025-10-01,09:31:11.000,200.55,75.0,200.5,200.6,75.0
2025-10-01,09:31:12.000,200.45,525.0,200.25,200.65,75.0
2025-10-01,09:31:13.000,200.45,525.0,200.25,200.65,75.0
2025-10-01,09:31:14.000,199.45,225.0,199.2,199.7,225.0
2025-10-01,09:31:15.000,199.1,75.0,198.85,199.35,225.0
2025-10-01,09:31:16.000,199.1,75.0,198.85,199.35,225.0
2025-10-01,09:31:17.000,199.98,150.0,199.8,200.15,75.0
2025-10-01,09:31:18.000,199.98,150.0,199.8,200.15,75.0
2025-10-01,09:31:19.000,200.0,150.0,199.95,200.05,75.0
2025-10-01,09:31:20.000,199.28,600.0,199.0,199.55,225.0
2025-10-01,09:31:21.000,199.28,600.0,199.0,199.55,225.0
2025-10-01,09:31:22.000,199.38,75.0,199.15,199.6,525.0
2025-10-01,09:31:23.000,199.38,75.0,199.15,199.6,525.0
2025-10-01,09:31:24.000,199.35,150.0,199.1,199.6,300.0
2025-10-01,09:31:25.000,199.4,150.0,199.25,199.55,225.0
2025-10-01,09:31:26.000,199.4,150.0,199.25,199.55,225.0
2025-10-01,09:31:27.000,199.52,150.0,199.4,199.65,375.0
2025-10-01,09:31:28.000,199.52,150.0,199.4,199.65,375.0
2025-10-01,09:31:29.000,199.98,150.0,199.95,200.0,150.0
2025-10-01,09:31:30.000,199.88,75.0,199.65,200.1,300.0
2025-10-01,09:31:31.000,199.88,75.0,199.65,200.1,300.0
2025-10-01,09:31:32.000,200.0,450.0,199.75,200.25,300.0
2025-10-01,09:31:33.000,200.0,450.0,199.75,200.25,300.0
2025-10-01,09:31:34.000,199.58,75.0,199.4,199.75,1200.0
2025-10-01,09:31:35.000,200.05,150.0,199.9,200.2,675.0
2025-10-01,09:31:36.000,200.05,150.0,199.9,200.2,675.0
2025-10-01,09:31:37.000,199.55,75.0,199.4,199.7,225.0
2025-10-01,09:31:38.000,199.55,75.0,199.4,199.7,225.0
2025-10-01,09:31:39.000,199.32,375.0,199.1,199.55,225.0
2025-10-01,09:31:40.000,199.2,1575.0,199.0,199.4,225.0
2025-10-01,09:31:41.000,199.2,1575.0,199.0,199.4,225.0
2025-10-01,09:31:42.000,198.68,375.0,198.45,198.9,225.0
2025-10-01,09:31:43.000,198.68,375.0,198.45,198.9,225.0
2025-10-01,09:31:44.000,198.75,525.0,198.5,199.0,300.0
2025-10-01,09:31:45.000,198.82,75.0,198.65,199.0,375.0
2025-10-01,09:31:46.000,198.82,75.0,198.65,199.0,375.0
2025-10-01,09:31:47.000,199.55,225.0,199.35,199.75,450.0
2025-10-01,09:31:48.000,199.55,225.0,199.35,199.75,450.0
2025-10-01,09:31:49.000,199.58,150.0,199.5,199.65,525.0
2025-10-01,09:31:50.000,199.35,525.0,199.1,199.6,300.0
2025-10-01,09:31:51.000,199.35,525.0,199.1,199.6,300.0
2025-10-01,09:31:52.000,199.55,75.0,199.4,199.7,525.0
2025-10-01,09:31:53.000,199.55,75.0,199.4,199.7,525.0
2025-10-01,09:31:54.000,199.35,75.0,199.15,199.55,300.0
2025-10-01,09:31:55.000,199.45,300.0,199.25,199.65,375.0
2025-10-01,09:31:56.000,199.45,300.0,199.25,199.65,375.0
2025-10-01,09:31:57.000,200.35,225.0,200.1,200.6,300.0
2025-10-01,09:31:58.000,200.35,225.0,200.1,200.6,300.0
2025-10-01,09:31:59.000,201.18,150.0,201.0,201.35,75.0
2025-10-01,09:32:00.000,201.0,450.0,200.7,201.3,300.0
2025-10-01,09:32:01.000,201.0,450.0,200.7,201.3,300.0
2025-10-01,09:32:02.000,201.25,300.0,201.05,201.45,75.0
2025-10-01,09:32:03.000,201.25,300.0,201.05,201.45,75.0
2025-10-01,09:32:04.000,200.3,150.0,200.05,200.55,225.0
2025-10-01,09:32:05.000,200.7,375.0,200.5,200.9,375.0
2025-10-01,09:32:06.000,200.7,375.0,200.5,200.9,375.0
2025-10-01,09:32:07.000,200.8,150.0,200.6,201.0,375.0
2025-10-01,09:32:08.000,200.8,150.0,200.6,201.0,375.0
2025-10-01,09:32:09.000,200.82,225.0,200.7,200.95,75.0
2025-10-01,09:32:10.000,201.52,150.0,201.4,201.65,75.0
2025-10-01,09:32:11.000,201.52,150.0,201.4,201.65,75.0
2025-10-01,09:32:12.000,201.05,375.0,200.8,201.3,225.0
2025-10-01,09:32:13.000,201.05,375.0,200.8,201.3,225.0
2025-10-01,09:32:14.000,201.22,1050.0,201.0,201.45,75.0
2025-10-01,09:32:15.000,201.35,375.0,201.2,201.5,75.0
2025-10-01,09:32:16.000,201.35,375.0,201.2,201.5,75.0
2025-10-01,09:32:17.000,201.55,900.0,201.3,201.8,225.0
2025-10-01,09:32:18.000,201.55,900.0,201.3,201.8,225.0
2025-10-01,09:32:19.000,201.42,225.0,201.25,201.6,225.0
2025-10-01,09:32:20.000,201.58,150.0,201.45,201.7,600.0
2025-10-01,09:32:21.000,201.58,150.0,201.45,201.7,600.0
2025-10-01,09:32:22.000,201.8,75.0,201.6,202.0,75.0
2025-10-01,09:32:23.000,201.8,75.0,201.6,202.0,75.0
2025-10-01,09:32:24.000,202.1,75.0,201.85,202.35,375.0
2025-10-01,09:32:25.000,202.02,150.0,201.9,202.15,75.0
2025-10-01,09:32:26.000,202.02,150.0,201.9,202.15,75.0
2025-10-01,09:32:27.000,202.0,225.0,201.75,202.25,150.0
2025-10-01,09:32:28.000,202.0,225.0,201.75,202.25,150.0
2025-10-01,09:32:29.000,202.2,150.0,202.0,202.4,75.0
2025-10-01,09:32:30.000,202.23,450.0,202.05,202.4,75.0
2025-10-01,09:32:31.000,202.23,450.0,202.05,202.4,75.0
2025-10-01,09:32:32.000,202.12,225.0,202.0,202.25,75.0
2025-10-01,09:32:33.000,202.12,225.0,202.0,202.25,75.0
2025-10-01,09:32:34.000,201.73,375.0,201.55,201.9,75.0
2025-10-01,09:32:35.000,201.92,225.0,201.8,202.05,75.0
2025-10-01,09:32:36.000,201.92,225.0,201.8,202.05,75.0
2025-10-01,09:32:37.000,202.3,150.0,202.15,202.45,75.0
2025-10-01,09:32:38.000,202.3,150.0,202.15,202.45,75.0
2025-10-01,09:32:39.000,202.58,75.0,202.5,202.65,75.0
2025-10-01,09:32:40.000,202.82,150.0,202.7,202.95,225.0
2025-10-01,09:32:41.000,202.82,150.0,202.7,202.95,225.0
2025-10-01,09:32:42.000,202.82,150.0,202.7,202.95,225.0
2025-10-01,09:32:43.000,202.82,150.0,202.7,202.95,225.0
2025-10-01,09:32:44.000,202.7,300.0,202.45,202.95,75.0
2025-10-01,09:32:45.000,202.45,300.0,202.15,202.75,75.0
2025-10-01,09:32:46.000,202.45,300.0,202.15,202.75,75.0
2025-10-01,09:32:47.000,202.78,450.0,202.5,203.05,375.0
2025-10-01,09:32:48.000,202.78,450.0,202.5,203.05,375.0
2025-10-01,09:32:49.000,203.2,75.0,203.0,203.4,750.0
2025-10-01,09:32:50.000,202.78,300.0,202.5,203.05,525.0
2025-10-01,09:32:51.000,202.78,300.0,202.5,203.05,525.0
2025-10-01,09:32:52.000,203.62,375.0,203.3,203.95,375.0
2025-10-01,09:32:53.000,203.62,375.0,203.3,203.95,375.0
2025-10-01,09:32:54.000,203.6,150.0,203.3,203.9,525.0
2025-10-01,09:32:55.000,203.68,75.0,203.45,203.9,525.0
2025-10-01,09:32:56.000,203.68,75.0,203.45,203.9,525.0
2025-10-01,09:32:57.000,203.5,75.0,203.25,203.75,75.0
2025-10-01,09:32:58.000,203.5,75.0,203.25,203.75,75.0
2025-10-01,09:32:59.000,203.05,450.0,202.8,203.3,150.0
2025-10-01,09:33:00.000,202.58,300.0,202.3,202.85,825.0
2025-10-01,09:33:01.000,202.58,300.0,202.3,202.85,825.0
2025-10-01,09:33:02.000,202.48,150.0,202.25,202.7,225.0
2025-10-01,09:33:03.000,202.48,150.0,202.25,202.7,225.0
2025-10-01,09:33:04.000,202.58,300.0,202.25,202.9,375.0
2025-10-01,09:33:05.000,202.38,225.0,202.1,202.65,75.0
2025-10-01,09:33:06.000,202.38,225.0,202.1,202.65,75.0
2025-10-01,09:33:07.000,201.92,300.0,201.7,202.15,75.0
2025-10-01,09:33:08.000,201.92,300.0,201.7,202.15,75.0
2025-10-01,09:33:09.000,202.15,300.0,201.9,202.4,450.0
2025-10-01,09:33:10.000,201.35,75.0,201.1,201.6,375.0
2025-10-01,09:33:11.000,201.35,75.0,201.1,201.6,375.0
2025-10-01,09:33:12.000,201.9,75.0,201.6,202.2,300.0
2025-10-01,09:33:13.000,201.9,75.0,201.6,202.2,300.0
2025-10-01,09:33:14.000,202.1,150.0,201.8,202.4,75.0
2025-10-01,09:33:15.000,201.25,225.0,201.0,201.5,75.0
2025-10-01,09:33:16.000,201.25,225.0,201.0,201.5,75.0
2025-10-01,09:33:17.000,201.82,150.0,201.55,202.1,300.0
2025-10-01,09:33:18.000,201.82,150.0,201.55,202.1,300.0
2025-10-01,09:33:19.000,201.62,450.0,201.3,201.95,750.0
2025-10-01,09:33:20.000,201.22,75.0,200.95,201.5,225.0
2025-10-01,09:33:21.000,201.22,75.0,200.95,201.5,225.0
2025-10-01,09:33:22.000,201.18,525.0,200.85,201.5,600.0
2025-10-01,09:33:23.000,201.18,525.0,200.85,201.5,600.0
2025-10-01,09:33:24.000,200.95,225.0,200.65,201.25,675.0
2025-10-01,09:33:25.000,201.05,150.0,200.9,201.2,450.0
2025-10-01,09:33:26.000,201.05,150.0,200.9,201.2,450.0
2025-10-01,09:33:27.000,200.38,75.0,200.05,200.7,900.0
2025-10-01,09:33:28.000,200.38,75.0,200.05,200.7,900.0
2025-10-01,09:33:29.000,200.15,4875.0,200.0,200.3,75.0
2025-10-01,09:33:30.000,200.22,4575.0,200.0,200.45,750.0
2025-10-01,09:33:31.000,200.22,4575.0,200.0,200.45,750.0
2025-10-01,09:33:32.000,200.2,4425.0,200.0,200.4,600.0
2025-10-01,09:33:33.000,200.2,4425.0,200.0,200.4,600.0
2025-10-01,09:33:34.000,200.52,75.0,200.35,200.7,75.0
2025-10-01,09:33:35.000,200.73,225.0,200.55,200.9,75.0
2025-10-01,09:33:36.000,200.73,225.0,200.55,200.9,75.0
2025-10-01,09:33:37.000,200.32,150.0,200.15,200.5,75.0
2025-10-01,09:33:38.000,200.32,150.0,200.15,200.5,75.0
2025-10-01,09:33:39.000,200.55,300.0,200.3,200.8,75.0
2025-10-01,09:33:40.000,201.15,150.0,201.05,201.25,300.0
2025-10-01,09:33:41.000,201.15,150.0,201.05,201.25,300.0
2025-10-01,09:33:42.000,200.6,375.0,200.45,200.75,225.0
2025-10-01,09:33:43.000,200.6,375.0,200.45,200.75,225.0
2025-10-01,09:33:44.000,200.22,4500.0,200.0,200.45,525.0
2025-10-01,09:33:45.000,200.12,4425.0,200.0,200.25,75.0
2025-10-01,09:33:46.000,200.12,4425.0,200.0,200.25,75.0
2025-10-01,09:33:47.000,200.7,75.0,200.4,201.0,750.0
2025-10-01,09:33:48.000,200.7,75.0,200.4,201.0,750.0
2025-10-01,09:33:49.000,200.52,300.0,200.25,200.8,75.0
2025-10-01,09:33:50.000,200.42,150.0,200.25,200.6,450.0
2025-10-01,09:33:51.000,200.42,150.0,200.25,200.6,450.0
2025-10-01,09:33:52.000,200.2,4125.0,200.0,200.4,75.0
2025-10-01,09:33:53.000,200.2,4125.0,200.0,200.4,75.0
2025-10-01,09:33:54.000,200.22,4575.0,200.0,200.45,75.0
2025-10-01,09:33:55.000,200.3,150.0,200.1,200.5,450.0
2025-10-01,09:33:56.000,200.3,150.0,200.1,200.5,450.0
2025-10-01,09:33:57.000,200.22,3300.0,200.0,200.45,75.0
2025-10-01,09:33:58.000,200.22,3300.0,200.0,200.45,75.0
2025-10-01,09:33:59.000,200.15,3600.0,200.0,200.3,150.0
2025-10-01,09:34:00.000,200.15,2625.0,200.0,200.3,1050.0
2025-10-01,09:34:01.000,200.15,2625.0,200.0,200.3,1050.0
2025-10-01,09:34:02.000,200.4,375.0,200.15,200.65,75.0
2025-10-01,09:34:03.000,200.4,375.0,200.15,200.65,75.0
2025-10-01,09:34:04.000,200.15,2175.0,200.0,200.3,525.0
2025-10-01,09:34:05.000,200.25,75.0,200.05,200.45,300.0
2025-10-01,09:34:06.000,200.25,75.0,200.05,200.45,300.0
2025-10-01,09:34:07.000,200.2,2175.0,200.0,200.4,225.0
2025-10-01,09:34:08.000,200.2,2175.0,200.0,200.4,225.0
2025-10-01,09:34:09.000,200.32,75.0,200.05,200.6,75.0
2025-10-01,09:34:10.000,200.25,150.0,200.05,200.45,225.0
2025-10-01,09:34:11.000,200.25,150.0,200.05,200.45,225.0
2025-10-01,09:34:12.000,200.2,75.0,200.1,200.3,150.0
2025-10-01,09:34:13.000,200.2,75.0,200.1,200.3,150.0
2025-10-01,09:34:14.000,200.1,3600.0,200.0,200.2,75.0
2025-10-01,09:34:15.000,200.12,3600.0,200.0,200.25,75.0
2025-10-01,09:34:16.000,200.12,3600.0,200.0,200.25,75.0
2025-10-01,09:34:17.000,199.75,75.0,199.55,199.95,75.0
2025-10-01,09:34:18.000,199.75,75.0,199.55,199.95,75.0
2025-10-01,09:34:19.000,199.98,375.0,199.85,200.1,150.0
2025-10-01,09:34:20.000,199.25,525.0,199.05,199.45,75.0
2025-10-01,09:34:21.000,199.25,525.0,199.05,199.45,75.0
2025-10-01,09:34:22.000,198.5,150.0,198.25,198.75,75.0
2025-10-01,09:34:23.000,198.5,150.0,198.25,198.75,75.0
2025-10-01,09:34:24.000,199.08,450.0,198.8,199.35,150.0
2025-10-01,09:34:25.000,199.3,75.0,199.2,199.4,150.0
2025-10-01,09:34:26.000,199.3,75.0,199.2,199.4,150.0
2025-10-01,09:34:27.000,199.58,150.0,199.35,199.8,150.0
2025-10-01,09:34:28.000,199.58,150.0,199.35,199.8,150.0
2025-10-01,09:34:29.000,199.42,825.0,199.2,199.65,300.0
2025-10-01,09:34:30.000,199.95,375.0,199.85,200.05,75.0
2025-10-01,09:34:31.000,199.95,375.0,199.85,200.05,75.0
2025-10-01,09:34:32.000,199.85,75.0,199.65,200.05,75.0
2025-10-01,09:34:33.000,199.85,75.0,199.65,200.05,75.0
2025-10-01,09:34:34.000,199.28,150.0,199.15,199.4,150.0
2025-10-01,09:34:35.000,199.23,150.0,199.15,199.3,150.0
2025-10-01,09:34:36.000,199.23,150.0,199.15,199.3,150.0
2025-10-01,09:34:37.000,199.32,225.0,199.25,199.4,75.0
2025-10-01,09:34:38.000,199.32,225.0,199.25,199.4,75.0
2025-10-01,09:34:39.000,199.32,150.0,199.15,199.5,75.0
2025-10-01,09:34:40.000,199.38,225.0,199.25,199.5,75.0
2025-10-01,09:34:41.000,199.38,225.0,199.25,199.5,75.0
2025-10-01,09:34:42.000,199.72,600.0,199.45,200.0,600.0
2025-10-01,09:34:43.000,199.72,600.0,199.45,200.0,600.0
2025-10-01,09:34:44.000,199.88,225.0,199.6,200.15,450.0
2025-10-01,09:34:45.000,199.88,225.0,199.6,200.15,450.0
2025-10-01,09:34:46.000,200.0,150.0,199.8,200.2,600.0
2025-10-01,09:34:47.000,200.28,150.0,200.15,200.4,75.0
2025-10-01,09:34:48.000,200.28,150.0,200.15,200.4,75.0
2025-10-01,09:34:49.000,200.35,75.0,200.15,200.55,75.0
2025-10-01,09:34:50.000,200.35,75.0,200.15,200.55,75.0
2025-10-01,09:34:51.000,200.28,75.0,200.15,200.4,75.0
2025-10-01,09:34:52.000,200.25,150.0,200.15,200.35,225.0
2025-10-01,09:34:53.000,200.25,150.0,200.15,200.35,225.0
2025-10-01,09:34:54.000,200.45,225.0,200.3,200.6,75.0
2025-10-01,09:34:55.000,200.45,225.0,200.3,200.6,75.0
2025-10-01,09:34:56.000,200.08,300.0,199.8,200.35,75.0
2025-10-01,09:34:57.000,200.0,675.0,199.85,200.15,75.0
2025-10-01,09:34:58.000,200.0,675.0,199.85,200.15,75.0
2025-10-01,09:34:59.000,200.0,75.0,199.85,200.15,75.0
2025-10-01,09:35:00.000,200.0,75.0,199.85,200.15,75.0
2025-10-01,09:35:01.000,200.02,225.0,199.9,200.15,75.0
2025-10-01,09:35:02.000,199.3,75.0,199.1,199.5,75.0
2025-10-01,09:35:03.000,199.3,75.0,199.1,199.5,75.0
2025-10-01,09:35:04.000,198.52,225.0,198.35,198.7,75.0
2025-10-01,09:35:05.000,198.52,225.0,198.35,198.7,75.0
2025-10-01,09:35:06.000,198.85,75.0,198.7,199.0,75.0
2025-10-01,09:35:07.000,198.65,375.0,198.4,198.9,75.0
2025-10-01,09:35:08.000,198.65,375.0,198.4,198.9,75.0
2025-10-01,09:35:09.000,198.75,75.0,198.5,199.0,450.0
2025-10-01,09:35:10.000,198.75,75.0,198.5,199.0,450.0
2025-10-01,09:35:11.000,199.05,525.0,198.8,199.3,75.0
2025-10-01,09:35:12.000,199.28,375.0,199.0,199.55,375.0
2025-10-01,09:35:13.000,199.28,375.0,199.0,199.55,375.0
2025-10-01,09:35:14.000,199.32,75.0,199.05,199.6,525.0
2025-10-01,09:35:15.000,199.32,75.0,199.05,199.6,525.0
2025-10-01,09:35:16.000,199.18,375.0,198.95,199.4,225.0
2025-10-01,09:35:17.000,199.25,225.0,199.05,199.45,675.0
2025-10-01,09:35:18.000,199.25,225.0,199.05,199.45,675.0
2025-10-01,09:35:19.000,199.6,225.0,199.35,199.85,525.0
2025-10-01,09:35:20.000,199.6,225.0,199.35,199.85,525.0
2025-10-01,09:35:21.000,200.1,150.0,199.95,200.25,525.0
2025-10-01,09:35:22.000,199.48,1050.0,199.2,199.75,750.0
2025-10-01,09:35:23.000,199.48,1050.0,199.2,199.75,750.0
2025-10-01,09:35:24.000,199.68,450.0,199.5,199.85,75.0
2025-10-01,09:35:25.000,199.68,450.0,199.5,199.85,75.0
2025-10-01,09:35:26.000,199.45,150.0,199.2,199.7,300.0
2025-10-01,09:35:27.000,199.5,75.0,199.3,199.7,75.0
2025-10-01,09:35:28.000,199.5,75.0,199.3,199.7,75.0
2025-10-01,09:35:29.000,199.42,75.0,199.35,199.5,375.0
2025-10-01,09:35:30.000,199.42,75.0,199.35,199.5,375.0
2025-10-01,09:35:31.000,199.55,75.0,199.4,199.7,75.0
2025-10-01,09:35:32.000,199.75,150.0,199.55,199.95,375.0
2025-10-01,09:35:33.000,199.75,150.0,199.55,199.95,375.0
2025-10-01,09:35:34.000,199.72,75.0,199.5,199.95,450.0
2025-10-01,09:35:35.000,199.72,75.0,199.5,199.95,450.0
2025-10-01,09:35:36.000,199.68,300.0,199.5,199.85,75.0
2025-10-01,09:35:37.000,199.8,75.0,199.6,200.0,225.0
2025-10-01,09:35:38.000,199.8,75.0,199.6,200.0,225.0
2025-10-01,09:35:39.000,199.7,375.0,199.4,200.0,675.0
2025-10-01,09:35:40.000,199.7,375.0,199.4,200.0,675.0
2025-10-01,09:35:41.000,199.85,375.0,199.7,200.0,600.0
2025-10-01,09:35:42.000,200.05,225.0,199.85,200.25,75.0
2025-10-01,09:35:43.000,200.05,225.0,199.85,200.25,75.0
2025-10-01,09:35:44.000,200.05,75.0,199.85,200.25,75.0
2025-10-01,09:35:45.000,199.78,75.0,199.55,200.0,525.0
2025-10-01,09:35:46.000,199.78,75.0,199.55,200.0,525.0
2025-10-01,09:35:47.000,199.8,75.0,199.55,200.05,75.0
2025-10-01,09:35:48.000,199.8,75.0,199.55,200.05,75.0
2025-10-01,09:35:49.000,199.92,300.0,199.65,200.2,600.0
2025-10-01,09:35:50.000,199.8,375.0,199.6,200.0,300.0
2025-10-01,09:35:51.000,199.8,375.0,199.6,200.0,300.0
2025-10-01,09:35:52.000,200.65,225.0,200.4,200.9,225.0
2025-10-01,09:35:53.000,200.65,225.0,200.4,200.9,225.0
2025-10-01,09:35:54.000,200.98,150.0,200.75,201.2,150.0
2025-10-01,09:35:55.000,201.1,375.0,200.9,201.3,300.0
2025-10-01,09:35:56.000,201.1,375.0,200.9,201.3,300.0
2025-10-01,09:35:57.000,201.25,525.0,201.0,201.5,300.0
2025-10-01,09:35:58.000,201.25,525.0,201.0,201.5,300.0
2025-10-01,09:35:59.000,201.68,225.0,201.45,201.9,300.0
2025-10-01,09:36:00.000,201.88,225.0,201.65,202.1,600.0
2025-10-01,09:36:01.000,201.88,225.0,201.65,202.1,600.0
2025-10-01,09:36:02.000,201.5,150.0,201.25,201.75,75.0
2025-10-01,09:36:03.000,201.5,150.0,201.25,201.75,75.0
2025-10-01,09:36:04.000,200.9,225.0,200.65,201.15,375.0
2025-10-01,09:36:05.000,200.7,150.0,200.65,200.75,375.0
2025-10-01,09:36:06.000,200.7,150.0,200.65,200.75,375.0
2025-10-01,09:36:07.000,200.52,75.0,200.35,200.7,375.0
2025-10-01,09:36:08.000,200.52,75.0,200.35,200.7,375.0
2025-10-01,09:36:09.000,200.35,300.0,200.1,200.6,225.0
2025-10-01,09:36:10.000,199.88,75.0,199.6,200.15,525.0
2025-10-01,09:36:11.000,199.88,75.0,199.6,200.15,525.0
2025-10-01,09:36:12.000,199.05,75.0,198.8,199.3,225.0
2025-10-01,09:36:13.000,199.05,75.0,198.8,199.3,225.0
2025-10-01,09:36:14.000,199.08,300.0,198.8,199.35,600.0
2025-10-01,09:36:15.000,199.42,150.0,199.25,199.6,225.0
2025-10-01,09:36:16.000,199.42,150.0,199.25,199.6,225.0
2025-10-01,09:36:17.000,199.25,225.0,199.0,199.5,75.0
2025-10-01,09:36:18.000,199.25,225.0,199.0,199.5,75.0
2025-10-01,09:36:19.000,199.22,675.0,198.95,199.5,450.0
2025-10-01,09:36:20.000,199.2,75.0,198.9,199.5,150.0
2025-10-01,09:36:21.000,199.2,75.0,198.9,199.5,150.0
2025-10-01,09:36:22.000,198.92,75.0,198.65,199.2,675.0
2025-10-01,09:36:23.000,198.92,75.0,198.65,199.2,675.0
2025-10-01,09:36:24.000,199.4,300.0,199.1,199.7,525.0
2025-10-01,09:36:25.000,199.32,150.0,199.1,199.55,375.0
2025-10-01,09:36:26.000,199.32,150.0,199.1,199.55,375.0
2025-10-01,09:36:27.000,199.38,150.0,199.25,199.5,375.0
2025-10-01,09:36:28.000,199.38,150.0,199.25,199.5,375.0
2025-10-01,09:36:29.000,199.38,225.0,199.15,199.6,375.0
2025-10-01,09:36:30.000,199.35,150.0,199.15,199.55,750.0
2025-10-01,09:36:31.000,199.35,150.0,199.15,199.55,750.0
2025-10-01,09:36:32.000,199.4,150.0,199.2,199.6,75.0
2025-10-01,09:36:33.000,199.4,150.0,199.2,199.6,75.0
2025-10-01,09:36:34.000,199.15,225.0,199.0,199.3,75.0
2025-10-01,09:36:35.000,198.42,300.0,198.15,198.7,75.0
2025-10-01,09:36:36.000,198.42,300.0,198.15,198.7,75.0
2025-10-01,09:36:37.000,198.95,825.0,198.65,199.25,375.0
2025-10-01,09:36:38.000,198.95,825.0,198.65,199.25,375.0
2025-10-01,09:36:39.000,198.92,150.0,198.75,199.1,525.0
2025-10-01,09:36:40.000,198.58,300.0,198.35,198.8,225.0
2025-10-01,09:36:41.000,198.58,300.0,198.35,198.8,225.0
2025-10-01,09:36:42.000,198.28,150.0,198.15,198.4,75.0
2025-10-01,09:36:43.000,198.28,150.0,198.15,198.4,75.0
2025-10-01,09:36:44.000,197.85,300.0,197.75,197.95,75.0
2025-10-01,09:36:45.000,197.77,150.0,197.6,197.95,150.0
2025-10-01,09:36:46.000,197.77,150.0,197.6,197.95,150.0
2025-10-01,09:36:47.000,198.05,225.0,197.85,198.25,300.0
2025-10-01,09:36:48.000,198.05,225.0,197.85,198.25,300.0
2025-10-01,09:36:49.000,197.82,75.0,197.55,198.1,900.0
2025-10-01,09:36:50.000,198.2,150.0,198.05,198.35,600.0
2025-10-01,09:36:51.000,198.2,150.0,198.05,198.35,600.0
2025-10-01,09:36:52.000,198.18,75.0,197.9,198.45,75.0
2025-10-01,09:36:53.000,198.18,75.0,197.9,198.45,75.0
2025-10-01,09:36:54.000,198.2,375.0,197.9,198.5,225.0
2025-10-01,09:36:55.000,198.2,375.0,197.9,198.5,225.0
2025-10-01,09:36:56.000,198.3,150.0,198.1,198.5,450.0
2025-10-01,09:36:57.000,197.8,225.0,197.55,198.05,75.0
2025-10-01,09:36:58.000,197.8,225.0,197.55,198.05,75.0
2025-10-01,09:36:59.000,197.98,75.0,197.7,198.25,450.0
2025-10-01,09:37:00.000,197.98,75.0,197.7,198.25,450.0
2025-10-01,09:37:01.000,198.1,375.0,197.85,198.35,300.0
2025-10-01,09:37:02.000,198.3,525.0,198.0,198.6,300.0
2025-10-01,09:37:03.000,198.3,525.0,198.0,198.6,300.0
2025-10-01,09:37:04.000,198.85,75.0,198.55,199.15,375.0
2025-10-01,09:37:05.000,198.85,75.0,198.55,199.15,375.0
2025-10-01,09:37:06.000,198.02,225.0,197.75,198.3,450.0
2025-10-01,09:37:07.000,197.45,225.0,197.2,197.7,75.0
2025-10-01,09:37:08.000,197.45,225.0,197.2,197.7,75.0
2025-10-01,09:37:09.000,197.35,75.0,197.1,197.6,225.0
2025-10-01,09:37:10.000,197.35,75.0,197.1,197.6,225.0
2025-10-01,09:37:11.000,197.6,375.0,197.35,197.85,450.0
2025-10-01,09:37:12.000,197.62,300.0,197.4,197.85,75.0
2025-10-01,09:37:13.000,197.62,300.0,197.4,197.85,75.0
2025-10-01,09:37:14.000,197.72,150.0,197.6,197.85,150.0
2025-10-01,09:37:15.000,197.72,150.0,197.6,197.85,150.0
2025-10-01,09:37:16.000,198.12,225.0,197.9,198.35,75.0
2025-10-01,09:37:17.000,198.22,375.0,198.1,198.35,75.0
2025-10-01,09:37:18.000,198.22,375.0,198.1,198.35,75.0
2025-10-01,09:37:19.000,198.2,150.0,198.1,198.3,225.0
2025-10-01,09:37:20.000,198.2,150.0,198.1,198.3,225.0
2025-10-01,09:37:21.000,198.08,150.0,197.95,198.2,300.0
2025-10-01,09:37:22.000,198.08,150.0,197.95,198.2,300.0
2025-10-01,09:37:23.000,198.08,150.0,197.95,198.2,300.0
2025-10-01,09:37:24.000,198.05,375.0,198.0,198.1,75.0
2025-10-01,09:37:25.000,198.05,375.0,198.0,198.1,75.0
2025-10-01,09:37:26.000,197.92,150.0,197.85,198.0,75.0
2025-10-01,09:37:27.000,197.88,150.0,197.65,198.1,75.0
2025-10-01,09:37:28.000,197.88,150.0,197.65,198.1,75.0
2025-10-01,09:37:29.000,197.78,150.0,197.65,197.9,225.0
2025-10-01,09:37:30.000,197.78,150.0,197.65,197.9,225.0
2025-10-01,09:37:31.000,197.75,150.0,197.6,197.9,225.0
2025-10-01,09:37:32.000,197.85,300.0,197.65,198.05,225.0
2025-10-01,09:37:33.000,197.85,300.0,197.65,198.05,225.0
2025-10-01,09:37:34.000,197.78,75.0,197.65,197.9,150.0
2025-10-01,09:37:35.000,197.78,75.0,197.65,197.9,150.0
2025-10-01,09:37:36.000,197.75,450.0,197.5,198.0,225.0
2025-10-01,09:37:37.000,197.75,150.0,197.45,198.05,300.0
2025-10-01,09:37:38.000,197.75,150.0,197.45,198.05,300.0
2025-10-01,09:37:39.000,197.85,300.0,197.5,198.2,525.0
2025-10-01,09:37:40.000,197.85,300.0,197.5,198.2,525.0
2025-10-01,09:37:41.000,198.3,150.0,198.1,198.5,600.0
2025-10-01,09:37:42.000,198.22,150.0,198.1,198.35,225.0
2025-10-01,09:37:43.000,198.22,150.0,198.1,198.35,225.0
2025-10-01,09:37:44.000,197.98,75.0,197.8,198.15,750.0
2025-10-01,09:37:45.000,197.98,225.0,197.8,198.15,75.0
2025-10-01,09:37:46.000,197.98,225.0,197.8,198.15,75.0
2025-10-01,09:37:47.000,198.12,150.0,198.0,198.25,375.0
2025-10-01,09:37:48.000,198.12,150.0,198.0,198.25,375.0
2025-10-01,09:37:49.000,197.72,75.0,197.5,197.95,75.0
2025-10-01,09:37:50.000,197.75,150.0,197.5,198.0,300.0
2025-10-01,09:37:51.000,197.75,150.0,197.5,198.0,300.0
2025-10-01,09:37:52.000,198.02,150.0,197.8,198.25,450.0
2025-10-01,09:37:53.000,198.02,150.0,197.8,198.25,450.0
2025-10-01,09:37:54.000,198.0,75.0,197.8,198.2,300.0
2025-10-01,09:37:55.000,198.05,150.0,197.85,198.25,300.0
2025-10-01,09:37:56.000,198.05,150.0,197.85,198.25,300.0
2025-10-01,09:37:57.000,198.58,150.0,198.4,198.75,975.0
2025-10-01,09:37:58.000,198.58,150.0,198.4,198.75,975.0
2025-10-01,09:37:59.000,198.35,150.0,198.25,198.45,675.0
2025-10-01,09:38:00.000,198.55,225.0,198.35,198.75,150.0
2025-10-01,09:38:01.000,198.55,225.0,198.35,198.75,150.0
2025-10-01,09:38:02.000,198.7,225.0,198.5,198.9,75.0
2025-10-01,09:38:03.000,198.7,225.0,198.5,198.9,75.0
2025-10-01,09:38:04.000,199.28,75.0,199.05,199.5,300.0
2025-10-01,09:38:05.000,199.45,600.0,199.2,199.7,75.0
2025-10-01,09:38:06.000,199.45,600.0,199.2,199.7,75.0
2025-10-01,09:38:07.000,199.58,300.0,199.4,199.75,300.0
2025-10-01,09:38:08.000,199.58,300.0,199.4,199.75,300.0
2025-10-01,09:38:09.000,199.08,75.0,198.9,199.25,375.0
2025-10-01,09:38:10.000,199.15,225.0,198.95,199.35,75.0
2025-10-01,09:38:11.000,199.15,225.0,198.95,199.35,75.0
2025-10-01,09:38:12.000,199.85,450.0,199.55,200.15,75.0
2025-10-01,09:38:13.000,199.85,450.0,199.55,200.15,75.0
2025-10-01,09:38:14.000,199.82,150.0,199.6,200.05,300.0
2025-10-01,09:38:15.000,199.78,75.0,199.65,199.9,525.0
2025-10-01,09:38:16.000,199.78,75.0,199.65,199.9,525.0
2025-10-01,09:38:17.000,199.58,225.0,199.35,199.8,75.0
2025-10-01,09:38:18.000,199.58,225.0,199.35,199.8,75.0
2025-10-01,09:38:19.000,199.0,75.0,198.85,199.15,225.0
2025-10-01,09:38:20.000,198.95,225.0,198.85,199.05,75.0
2025-10-01,09:38:21.000,198.95,225.0,198.85,199.05,75.0
2025-10-01,09:38:22.000,199.0,225.0,198.85,199.15,600.0
2025-10-01,09:38:23.000,199.0,225.0,198.85,199.15,600.0
2025-10-01,09:38:24.000,199.0,225.0,198.85,199.15,525.0
2025-10-01,09:38:25.000,199.7,750.0,199.45,199.95,75.0
2025-10-01,09:38:26.000,199.7,750.0,199.45,199.95,75.0
2025-10-01,09:38:27.000,200.48,450.0,200.2,200.75,150.0
2025-10-01,09:38:28.000,200.48,450.0,200.2,200.75,150.0
2025-10-01,09:38:29.000,200.45,225.0,200.2,200.7,75.0
2025-10-01,09:38:30.000,200.22,300.0,199.95,200.5,600.0
2025-10-01,09:38:31.000,200.22,300.0,199.95,200.5,600.0
2025-10-01,09:38:32.000,199.7,525.0,199.4,200.0,75.0
2025-10-01,09:38:33.000,199.7,525.0,199.4,200.0,75.0
2025-10-01,09:38:34.000,199.85,300.0,199.6,200.1,375.0
2025-10-01,09:38:35.000,199.77,150.0,199.6,199.95,450.0
2025-10-01,09:38:36.000,199.77,150.0,199.6,199.95,450.0
2025-10-01,09:38:37.000,199.55,525.0,199.25,199.85,750.0
2025-10-01,09:38:38.000,199.55,525.0,199.25,199.85,750.0
2025-10-01,09:38:39.000,199.15,1050.0,198.85,199.45,525.0
2025-10-01,09:38:40.000,199.3,150.0,199.15,199.45,75.0
2025-10-01,09:38:41.000,199.3,150.0,199.15,199.45,75.0
2025-10-01,09:38:42.000,199.7,150.0,199.5,199.9,75.0
2025-10-01,09:38:43.000,199.7,150.0,199.5,199.9,75.0
2025-10-01,09:38:44.000,199.72,675.0,199.5,199.95,75.0
2025-10-01,09:38:45.000,199.72,675.0,199.5,199.95,75.0
2025-10-01,09:38:46.000,199.3,150.0,199.1,199.5,600.0
2025-10-01,09:38:47.000,199.25,150.0,199.1,199.4,225.0
2025-10-01,09:38:48.000,199.25,150.0,199.1,199.4,225.0
2025-10-01,09:38:49.000,199.25,150.0,199.1,199.4,75.0
2025-10-01,09:38:50.000,199.25,150.0,199.1,199.4,75.0
2025-10-01,09:38:51.000,199.22,150.0,199.1,199.35,75.0
2025-10-01,09:38:52.000,199.32,150.0,199.15,199.5,75.0
2025-10-01,09:38:53.000,199.32,150.0,199.15,199.5,75.0
2025-10-01,09:38:54.000,199.4,525.0,199.25,199.55,75.0
2025-10-01,09:38:55.000,199.4,525.0,199.25,199.55,75.0
2025-10-01,09:38:56.000,199.7,150.0,199.5,199.9,450.0
2025-10-01,09:38:57.000,199.8,375.0,199.6,200.0,75.0
2025-10-01,09:38:58.000,199.8,375.0,199.6,200.0,75.0
2025-10-01,09:38:59.000,199.9,150.0,199.7,200.1,900.0
2025-10-01,09:39:00.000,199.9,150.0,199.7,200.1,900.0
2025-10-01,09:39:01.000,199.55,300.0,199.35,199.75,75.0
2025-10-01,09:39:02.000,199.95,150.0,199.75,200.15,75.0
2025-10-01,09:39:03.000,199.95,150.0,199.75,200.15,75.0
2025-10-01,09:39:04.000,200.25,150.0,200.05,200.45,75.0
2025-10-01,09:39:05.000,200.25,150.0,200.05,200.45,75.0
2025-10-01,09:39:06.000,200.02,75.0,199.8,200.25,375.0
2025-10-01,09:39:07.000,199.25,450.0,199.0,199.5,75.0
2025-10-01,09:39:08.000,199.25,450.0,199.0,199.5,75.0
2025-10-01,09:39:09.000,199.72,150.0,199.45,200.0,1050.0
2025-10-01,09:39:10.000,199.72,150.0,199.45,200.0,1050.0
2025-10-01,09:39:11.000,199.8,150.0,199.6,200.0,450.0
2025-10-01,09:39:12.000,199.7,150.0,199.6,199.8,375.0
2025-10-01,09:39:13.000,199.7,150.0,199.6,199.8,375.0
2025-10-01,09:39:14.000,199.22,150.0,199.0,199.45,150.0
2025-10-01,09:39:15.000,199.22,150.0,199.0,199.45,150.0
2025-10-01,09:39:16.000,199.02,225.0,198.8,199.25,225.0
2025-10-01,09:39:17.000,198.3,300.0,198.05,198.55,75.0
2025-10-01,09:39:18.000,198.3,300.0,198.05,198.55,75.0
2025-10-01,09:39:19.000,198.02,225.0,197.85,198.2,150.0
2025-10-01,09:39:20.000,198.02,225.0,197.85,198.2,150.0
2025-10-01,09:39:21.000,198.35,675.0,198.1,198.6,375.0
2025-10-01,09:39:22.000,198.45,525.0,198.2,198.7,150.0
2025-10-01,09:39:23.000,198.45,525.0,198.2,198.7,150.0
2025-10-01,09:39:24.000,198.38,225.0,198.15,198.6,225.0
2025-10-01,09:39:25.000,198.38,225.0,198.15,198.6,225.0
2025-10-01,09:39:26.000,198.15,525.0,197.9,198.4,75.0
2025-10-01,09:39:27.000,198.1,75.0,197.95,198.25,75.0
2025-10-01,09:39:28.000,198.1,75.0,197.95,198.25,75.0
2025-10-01,09:39:29.000,197.65,150.0,197.5,197.8,75.0
2025-10-01,09:39:30.000,197.65,150.0,197.5,197.8,75.0
2025-10-01,09:39:31.000,196.95,750.0,196.65,197.25,750.0
2025-10-01,09:39:32.000,196.8,1125.0,196.5,197.1,525.0
2025-10-01,09:39:33.000,196.8,1125.0,196.5,197.1,525.0
2025-10-01,09:39:34.000,196.65,75.0,196.45,196.85,450.0
2025-10-01,09:39:35.000,196.65,75.0,196.45,196.85,450.0
2025-10-01,09:39:36.000,196.8,750.0,196.55,197.05,150.0
2025-10-01,09:39:37.000,197.2,375.0,196.9,197.5,375.0
2025-10-01,09:39:38.000,197.2,375.0,196.9,197.5,375.0
2025-10-01,09:39:39.000,197.23,300.0,196.9,197.55,900.0
2025-10-01,09:39:40.000,197.23,300.0,196.9,197.55,900.0
2025-10-01,09:39:41.000,196.95,525.0,196.65,197.25,450.0
2025-10-01,09:39:42.000,196.7,375.0,196.4,197.0,1125.0
2025-10-01,09:39:43.000,196.7,375.0,196.4,197.0,1125.0
2025-10-01,09:39:44.000,196.65,300.0,196.4,196.9,900.0
2025-10-01,09:39:45.000,197.0,150.0,196.8,197.2,600.0
2025-10-01,09:39:46.000,197.0,150.0,196.8,197.2,600.0
2025-10-01,09:39:47.000,197.05,300.0,197.0,197.1,300.0
2025-10-01,09:39:48.000,197.05,300.0,197.0,197.1,300.0
2025-10-01,09:39:49.000,197.02,150.0,196.8,197.25,75.0
2025-10-01,09:39:50.000,197.05,300.0,196.8,197.3,525.0
2025-10-01,09:39:51.000,197.05,300.0,196.8,197.3,525.0
2025-10-01,09:39:52.000,196.88,150.0,196.8,196.95,375.0
2025-10-01,09:39:53.000,196.88,150.0,196.8,196.95,375.0
2025-10-01,09:39:54.000,197.3,150.0,197.15,197.45,525.0
2025-10-01,09:39:55.000,196.88,300.0,196.6,197.15,225.0
2025-10-01,09:39:56.000,196.88,300.0,196.6,197.15,225.0
2025-10-01,09:39:57.000,197.23,675.0,196.9,197.55,450.0
2025-10-01,09:39:58.000,197.23,675.0,196.9,197.55,450.0
2025-10-01,09:39:59.000,197.32,450.0,197.05,197.6,300.0
2025-10-01,09:40:00.000,197.38,225.0,197.15,197.6,975.0
2025-10-01,09:40:01.000,197.38,225.0,197.15,197.6,975.0
2025-10-01,09:40:02.000,197.27,225.0,197.2,197.35,75.0
2025-10-01,09:40:03.000,197.27,225.0,197.2,197.35,75.0
2025-10-01,09:40:04.000,197.82,300.0,197.6,198.05,375.0
2025-10-01,09:40:05.000,197.8,150.0,197.6,198.0,900.0
2025-10-01,09:40:06.000,197.8,150.0,197.6,198.0,900.0
2025-10-01,09:40:07.000,197.2,75.0,197.0,197.4,225.0
2025-10-01,09:40:08.000,197.2,75.0,197.0,197.4,225.0
2025-10-01,09:40:09.000,197.4,225.0,197.2,197.6,75.0
2025-10-01,09:40:10.000,197.42,300.0,197.25,197.6,150.0
2025-10-01,09:40:11.000,197.42,300.0,197.25,197.6,150.0
2025-10-01,09:40:12.000,197.42,225.0,197.3,197.55,150.0
2025-10-01,09:40:13.000,197.42,225.0,197.3,197.55,150.0
2025-10-01,09:40:14.000,197.8,225.0,197.65,197.95,75.0
2025-10-01,09:40:15.000,198.1,150.0,197.85,198.35,75.0
2025-10-01,09:40:16.000,198.1,150.0,197.85,198.35,75.0
2025-10-01,09:40:17.000,198.08,150.0,197.9,198.25,225.0
2025-10-01,09:40:18.000,198.08,150.0,197.9,198.25,225.0
2025-10-01,09:40:19.000,198.22,300.0,198.0,198.45,75.0
2025-10-01,09:40:20.000,198.2,150.0,198.05,198.35,75.0
2025-10-01,09:40:21.000,198.2,150.0,198.05,198.35,75.0
2025-10-01,09:40:22.000,198.18,225.0,197.95,198.4,150.0
2025-10-01,09:40:23.000,198.18,225.0,197.95,198.4,150.0
2025-10-01,09:40:24.000,198.38,525.0,198.15,198.6,75.0
2025-10-01,09:40:25.000,198.38,225.0,198.15,198.6,75.0
2025-10-01,09:40:26.000,198.38,225.0,198.15,198.6,75.0
2025-10-01,09:40:27.000,198.23,150.0,198.05,198.4,75.0
2025-10-01,09:40:28.000,198.23,150.0,198.05,198.4,75.0
2025-10-01,09:40:29.000,198.75,150.0,198.5,199.0,75.0
2025-10-01,09:40:30.000,198.7,1125.0,198.4,199.0,375.0
2025-10-01,09:40:31.000,198.7,1125.0,198.4,199.0,375.0
2025-10-01,09:40:32.000,198.8,225.0,198.6,199.0,150.0
2025-10-01,09:40:33.000,198.8,225.0,198.6,199.0,150.0
2025-10-01,09:40:34.000,199.1,150.0,198.85,199.35,225.0
2025-10-01,09:40:35.000,198.65,150.0,198.4,198.9,225.0
2025-10-01,09:40:36.000,198.65,150.0,198.4,198.9,225.0
2025-10-01,09:40:37.000,199.02,300.0,198.8,199.25,675.0
2025-10-01,09:40:38.000,199.02,300.0,198.8,199.25,675.0
2025-10-01,09:40:39.000,199.4,150.0,199.15,199.65,675.0
2025-10-01,09:40:40.000,199.52,300.0,199.35,199.7,225.0
2025-10-01,09:40:41.000,199.52,300.0,199.35,199.7,225.0
2025-10-01,09:40:42.000,199.55,150.0,199.35,199.75,225.0
2025-10-01,09:40:43.000,199.98,150.0,199.75,200.2,375.0
2025-10-01,09:40:44.000,199.98,150.0,199.75,200.2,375.0
2025-10-01,09:40:45.000,200.0,150.0,199.75,200.25,375.0
2025-10-01,09:40:46.000,200.0,150.0,199.75,200.25,375.0
2025-10-01,09:40:47.000,198.68,150.0,198.4,198.95,375.0
2025-10-01,09:40:48.000,198.12,450.0,197.85,198.4,300.0
2025-10-01,09:40:49.000,198.12,450.0,197.85,198.4,300.0
2025-10-01,09:40:50.000,198.32,300.0,198.05,198.6,225.0
2025-10-01,09:40:51.000,198.32,300.0,198.05,198.6,225.0
2025-10-01,09:40:52.000,198.3,1800.0,198.0,198.6,75.0
2025-10-01,09:40:53.000,198.3,525.0,198.0,198.6,525.0
2025-10-01,09:40:54.000,198.3,525.0,198.0,198.6,525.0
2025-10-01,09:40:55.000,197.92,225.0,197.65,198.2,225.0
2025-10-01,09:40:56.000,197.92,225.0,197.65,198.2,225.0
2025-10-01,09:40:57.000,198.0,675.0,197.75,198.25,300.0
2025-10-01,09:40:58.000,198.32,375.0,198.05,198.6,1050.0
2025-10-01,09:40:59.000,198.32,375.0,198.05,198.6,1050.0
2025-10-01,09:41:00.000,198.18,450.0,197.95,198.4,75.0
2025-10-01,09:41:01.000,198.18,450.0,197.95,198.4,75.0
2025-10-01,09:41:02.000,197.48,150.0,197.25,197.7,75.0
2025-10-01,09:41:03.000,197.48,150.0,197.25,197.7,75.0
2025-10-01,09:41:04.000,197.08,150.0,196.8,197.35,75.0
2025-10-01,09:41:05.000,196.65,375.0,196.4,196.9,300.0
2025-10-01,09:41:06.000,196.65,375.0,196.4,196.9,300.0
2025-10-01,09:41:07.000,197.1,75.0,196.85,197.35,375.0
2025-10-01,09:41:08.000,197.1,75.0,196.85,197.35,375.0
2025-10-01,09:41:09.000,197.27,675.0,197.1,197.45,75.0
2025-10-01,09:41:10.000,196.9,600.0,196.6,197.2,675.0
2025-10-01,09:41:11.000,196.9,600.0,196.6,197.2,675.0
2025-10-01,09:41:12.000,196.3,75.0,196.15,196.45,225.0
2025-10-01,09:41:13.000,196.3,75.0,196.15,196.45,225.0
2025-10-01,09:41:14.000,196.18,75.0,196.1,196.25,225.0
2025-10-01,09:41:15.000,195.8,150.0,195.6,196.0,450.0
2025-10-01,09:41:16.000,195.8,150.0,195.6,196.0,450.0
2025-10-01,09:41:17.000,195.68,525.0,195.5,195.85,150.0
2025-10-01,09:41:18.000,195.68,525.0,195.5,195.85,150.0
2025-10-01,09:41:19.000,195.9,375.0,195.6,196.2,600.0
2025-10-01,09:41:20.000,195.98,150.0,195.75,196.2,375.0
2025-10-01,09:41:21.000,195.98,150.0,195.75,196.2,375.0
2025-10-01,09:41:22.000,196.02,150.0,195.85,196.2,375.0
2025-10-01,09:41:23.000,196.02,150.0,195.85,196.2,375.0
2025-10-01,09:41:24.000,196.18,225.0,196.0,196.35,225.0
2025-10-01,09:41:25.000,196.5,225.0,196.3,196.7,450.0
2025-10-01,09:41:26.000,196.5,225.0,196.3,196.7,450.0
2025-10-01,09:41:27.000,196.98,75.0,196.8,197.15,600.0
2025-10-01,09:41:28.000,196.98,75.0,196.8,197.15,600.0
2025-10-01,09:41:29.000,196.85,75.0,196.8,196.9,225.0
2025-10-01,09:41:30.000,196.9,225.0,196.7,197.1,75.0
2025-10-01,09:41:31.000,196.9,225.0,196.7,197.1,75.0
2025-10-01,09:41:32.000,196.78,300.0,196.5,197.05,750.0
2025-10-01,09:41:33.000,196.78,300.0,196.5,197.05,750.0
2025-10-01,09:41:34.000,197.15,900.0,196.9,197.4,225.0
2025-10-01,09:41:35.000,197.1,300.0,196.85,197.35,225.0
2025-10-01,09:41:36.000,197.1,300.0,196.85,197.35,225.0
2025-10-01,09:41:37.000,196.95,675.0,196.7,197.2,75.0
2025-10-01,09:41:38.000,196.95,675.0,196.7,197.2,75.0
2025-10-01,09:41:39.000,197.2,150.0,197.0,197.4,450.0
2025-10-01,09:41:40.000,196.4,375.0,196.1,196.7,375.0
2025-10-01,09:41:41.000,196.4,375.0,196.1,196.7,375.0
2025-10-01,09:41:42.000,196.52,825.0,196.25,196.8,75.0
2025-10-01,09:41:43.000,196.52,825.0,196.25,196.8,75.0
2025-10-01,09:41:44.000,196.58,750.0,196.3,196.85,75.0
2025-10-01,09:41:45.000,196.95,450.0,196.65,197.25,75.0
2025-10-01,09:41:46.000,196.95,450.0,196.65,197.25,75.0
2025-10-01,09:41:47.000,197.08,150.0,196.85,197.3,75.0
2025-10-01,09:41:48.000,197.08,150.0,196.85,197.3,75.0
2025-10-01,09:41:49.000,196.92,600.0,196.65,197.2,75.0
2025-10-01,09:41:50.000,196.92,150.0,196.65,197.2,600.0
2025-10-01,09:41:51.000,196.92,150.0,196.65,197.2,600.0
2025-10-01,09:41:52.000,196.7,975.0,196.5,196.9,225.0
2025-10-01,09:41:53.000,196.7,975.0,196.5,196.9,225.0
2025-10-01,09:41:54.000,196.68,975.0,196.5,196.85,75.0
2025-10-01,09:41:55.000,196.28,225.0,196.05,196.5,375.0
2025-10-01,09:41:56.000,196.28,225.0,196.05,196.5,375.0
2025-10-01,09:41:57.000,196.82,150.0,196.65,197.0,975.0
2025-10-01,09:41:58.000,196.82,150.0,196.65,197.0,975.0
2025-10-01,09:41:59.000,196.15,900.0,196.0,196.3,525.0
2025-10-01,09:42:00.000,196.3,450.0,196.1,196.5,450.0
2025-10-01,09:42:01.000,196.3,450.0,196.1,196.5,450.0
2025-10-01,09:42:02.000,196.3,75.0,196.2,196.4,75.0
2025-10-01,09:42:03.000,196.3,75.0,196.2,196.4,75.0
2025-10-01,09:42:04.000,196.18,1800.0,196.0,196.35,525.0
2025-10-01,09:42:05.000,196.42,150.0,196.3,196.55,975.0
2025-10-01,09:42:06.000,196.42,150.0,196.3,196.55,975.0
2025-10-01,09:42:07.000,196.18,1800.0,196.0,196.35,75.0
2025-10-01,09:42:08.000,196.18,1800.0,196.0,196.35,75.0
2025-10-01,09:42:09.000,196.32,75.0,196.15,196.5,900.0
2025-10-01,09:42:10.000,196.12,1800.0,196.0,196.25,75.0
2025-10-01,09:42:11.000,196.12,1800.0,196.0,196.25,75.0
2025-10-01,09:42:12.000,196.18,2100.0,196.0,196.35,150.0
2025-10-01,09:42:13.000,196.18,2100.0,196.0,196.35,150.0
2025-10-01,09:42:14.000,196.15,1725.0,196.0,196.3,150.0
2025-10-01,09:42:15.000,196.27,300.0,196.1,196.45,75.0
2025-10-01,09:42:16.000,196.27,300.0,196.1,196.45,75.0
2025-10-01,09:42:17.000,196.28,525.0,196.05,196.5,225.0
2025-10-01,09:42:18.000,196.28,525.0,196.05,196.5,225.0
2025-10-01,09:42:19.000,195.72,375.0,195.45,196.0,750.0
2025-10-01,09:42:20.000,195.72,1125.0,195.45,196.0,750.0
2025-10-01,09:42:21.000,195.72,1125.0,195.45,196.0,750.0
2025-10-01,09:42:22.000,195.22,300.0,195.0,195.45,225.0
2025-10-01,09:42:23.000,195.22,300.0,195.0,195.45,225.0
2025-10-01,09:42:24.000,194.8,150.0,194.65,194.95,525.0
2025-10-01,09:42:25.000,194.1,75.0,193.9,194.3,300.0
2025-10-01,09:42:26.000,194.1,75.0,193.9,194.3,300.0
2025-10-01,09:42:27.000,193.9,150.0,193.75,194.05,525.0
2025-10-01,09:42:28.000,193.9,150.0,193.75,194.05,525.0
2025-10-01,09:42:29.000,194.2,1200.0,194.05,194.35,75.0
2025-10-01,09:42:30.000,194.2,300.0,194.0,194.4,75.0
2025-10-01,09:42:31.000,194.2,300.0,194.0,194.4,75.0
2025-10-01,09:42:32.000,194.42,75.0,194.3,194.55,225.0
2025-10-01,09:42:33.000,194.0,225.0,193.8,194.2,375.0
2025-10-01,09:42:34.000,194.0,225.0,193.8,194.2,375.0
2025-10-01,09:42:35.000,193.92,600.0,193.7,194.15,75.0
2025-10-01,09:42:36.000,193.92,600.0,193.7,194.15,75.0
2025-10-01,09:42:37.000,194.35,300.0,194.2,194.5,225.0
2025-10-01,09:42:38.000,194.25,150.0,194.2,194.3,525.0
2025-10-01,09:42:39.000,194.25,150.0,194.2,194.3,525.0
2025-10-01,09:42:40.000,193.8,75.0,193.6,194.0,600.0
2025-10-01,09:42:41.000,193.8,75.0,193.6,194.0,600.0
2025-10-01,09:42:42.000,193.58,300.0,193.4,193.75,75.0
2025-10-01,09:42:43.000,193.88,150.0,193.7,194.05,150.0
2025-10-01,09:42:44.000,193.88,150.0,193.7,194.05,150.0
2025-10-01,09:42:45.000,194.05,75.0,193.85,194.25,675.0
2025-10-01,09:42:46.000,194.05,75.0,193.85,194.25,675.0
2025-10-01,09:42:47.000,193.52,75.0,193.35,193.7,600.0
2025-10-01,09:42:48.000,193.8,525.0,193.55,194.05,75.0
2025-10-01,09:42:49.000,193.8,525.0,193.55,194.05,75.0
2025-10-01,09:42:50.000,193.95,75.0,193.8,194.1,750.0
2025-10-01,09:42:51.000,193.95,75.0,193.8,194.1,750.0
2025-10-01,09:42:52.000,193.88,75.0,193.8,193.95,525.0
2025-10-01,09:42:53.000,194.0,75.0,193.85,194.15,525.0
2025-10-01,09:42:54.000,194.0,75.0,193.85,194.15,525.0
2025-10-01,09:42:55.000,193.98,75.0,193.85,194.1,525.0
2025-10-01,09:42:56.000,193.98,75.0,193.85,194.1,525.0
2025-10-01,09:42:57.000,193.95,300.0,193.75,194.15,750.0
2025-10-01,09:42:58.000,193.88,75.0,193.75,194.0,450.0
2025-10-01,09:42:59.000,193.88,75.0,193.75,194.0,450.0
2025-10-01,09:43:00.000,193.8,300.0,193.6,194.0,375.0
2025-10-01,09:43:01.000,193.8,300.0,193.6,194.0,375.0
2025-10-01,09:43:02.000,193.62,2250.0,193.5,193.75,450.0
2025-10-01,09:43:03.000,193.62,2250.0,193.5,193.75,300.0
2025-10-01,09:43:04.000,193.62,2250.0,193.5,193.75,300.0
2025-10-01,09:43:05.000,193.78,900.0,193.55,194.0,1350.0
2025-10-01,09:43:06.000,193.78,900.0,193.55,194.0,1350.0
2025-10-01,09:43:07.000,193.78,375.0,193.55,194.0,1200.0
2025-10-01,09:43:08.000,193.78,375.0,193.55,194.0,1200.0
2025-10-01,09:43:09.000,193.75,300.0,193.55,193.95,825.0
2025-10-01,09:43:10.000,193.72,2250.0,193.5,193.95,1125.0
2025-10-01,09:43:11.000,193.72,2250.0,193.5,193.95,1125.0
2025-10-01,09:43:12.000,193.8,600.0,193.6,194.0,1200.0
2025-10-01,09:43:13.000,193.8,600.0,193.6,194.0,1200.0
2025-10-01,09:43:14.000,193.77,150.0,193.6,193.95,75.0
2025-10-01,09:43:15.000,193.8,300.0,193.65,193.95,450.0
2025-10-01,09:43:16.000,193.8,300.0,193.65,193.95,450.0
2025-10-01,09:43:17.000,193.73,150.0,193.55,193.9,225.0
2025-10-01,09:43:18.000,193.73,150.0,193.55,193.9,225.0
2025-10-01,09:43:19.000,193.1,150.0,192.9,193.3,1125.0
2025-10-01,09:43:20.000,193.08,150.0,192.9,193.25,375.0
2025-10-01,09:43:21.000,193.08,150.0,192.9,193.25,375.0
2025-10-01,09:43:22.000,192.22,375.0,192.0,192.45,450.0
2025-10-01,09:43:23.000,192.22,375.0,192.0,192.45,450.0
2025-10-01,09:43:24.000,192.28,300.0,192.05,192.5,825.0
2025-10-01,09:43:25.000,192.22,450.0,192.0,192.45,375.0
2025-10-01,09:43:26.000,192.22,450.0,192.0,192.45,375.0
2025-10-01,09:43:27.000,192.3,675.0,192.05,192.55,75.0
2025-10-01,09:43:28.000,192.3,675.0,192.05,192.55,75.0
2025-10-01,09:43:29.000,192.82,300.0,192.55,193.1,600.0
2025-10-01,09:43:30.000,192.95,375.0,192.7,193.2,1200.0
2025-10-01,09:43:31.000,192.95,375.0,192.7,193.2,1200.0
2025-10-01,09:43:32.000,193.52,300.0,193.3,193.75,300.0
2025-10-01,09:43:33.000,193.52,300.0,193.3,193.75,300.0
2025-10-01,09:43:34.000,193.25,75.0,193.05,193.45,300.0
2025-10-01,09:43:35.000,193.22,375.0,193.0,193.45,300.0
2025-10-01,09:43:36.000,193.22,375.0,193.0,193.45,300.0
2025-10-01,09:43:37.000,193.38,75.0,193.2,193.55,300.0
2025-10-01,09:43:38.000,193.38,75.0,193.2,193.55,300.0
2025-10-01,09:43:39.000,193.55,525.0,193.3,193.8,600.0
2025-10-01,09:43:40.000,193.52,75.0,193.3,193.75,75.0
2025-10-01,09:43:41.000,193.52,75.0,193.3,193.75,75.0
2025-10-01,09:43:42.000,193.68,525.0,193.4,193.95,675.0
2025-10-01,09:43:43.000,193.68,525.0,193.4,193.95,675.0
2025-10-01,09:43:44.000,193.6,525.0,193.35,193.85,300.0
2025-10-01,09:43:45.000,193.02,300.0,192.8,193.25,525.0
2025-10-01,09:43:46.000,193.02,300.0,192.8,193.25,525.0
2025-10-01,09:43:47.000,192.5,225.0,192.25,192.75,375.0
2025-10-01,09:43:48.000,192.5,225.0,192.25,192.75,375.0
2025-10-01,09:43:49.000,192.58,375.0,192.35,192.8,525.0
2025-10-01,09:43:50.000,192.38,300.0,192.15,192.6,525.0
2025-10-01,09:43:51.000,192.38,300.0,192.15,192.6,525.0
2025-10-01,09:43:52.000,192.7,450.0,192.45,192.95,300.0
2025-10-01,09:43:53.000,192.7,450.0,192.45,192.95,300.0
2025-10-01,09:43:54.000,192.42,450.0,192.15,192.7,300.0
2025-10-01,09:43:55.000,191.68,150.0,191.5,191.85,300.0
2025-10-01,09:43:56.000,191.68,150.0,191.5,191.85,300.0
2025-10-01,09:43:57.000,191.35,150.0,191.15,191.55,450.0
2025-10-01,09:43:58.000,191.35,150.0,191.15,191.55,450.0
2025-10-01,09:43:59.000,191.1,75.0,191.0,191.2,1050.0
2025-10-01,09:44:00.000,191.1,375.0,190.95,191.25,525.0
2025-10-01,09:44:01.000,191.1,375.0,190.95,191.25,525.0
2025-10-01,09:44:02.000,191.55,450.0,191.3,191.8,375.0
2025-10-01,09:44:03.000,191.55,450.0,191.3,191.8,375.0
2025-10-01,09:44:04.000,191.25,525.0,191.05,191.45,75.0
2025-10-01,09:44:05.000,190.6,450.0,190.35,190.85,375.0
2025-10-01,09:44:06.000,190.6,450.0,190.35,190.85,375.0
2025-10-01,09:44:07.000,191.28,75.0,191.05,191.5,225.0
2025-10-01,09:44:08.000,191.28,75.0,191.05,191.5,225.0
2025-10-01,09:44:09.000,190.65,150.0,190.45,190.85,375.0
2025-10-01,09:44:10.000,190.7,675.0,190.45,190.95,375.0
2025-10-01,09:44:11.000,190.7,675.0,190.45,190.95,375.0
2025-10-01,09:44:12.000,190.65,450.0,190.4,190.9,675.0
2025-10-01,09:44:13.000,190.65,450.0,190.4,190.9,675.0
2025-10-01,09:44:14.000,190.58,825.0,190.4,190.75,75.0
2025-10-01,09:44:15.000,190.62,150.0,190.45,190.8,750.0
2025-10-01,09:44:16.000,190.62,150.0,190.45,190.8,750.0
2025-10-01,09:44:17.000,190.22,1425.0,190.0,190.45,150.0
2025-10-01,09:44:18.000,190.22,1425.0,190.0,190.45,150.0
2025-10-01,09:44:19.000,189.98,600.0,189.75,190.2,675.0
2025-10-01,09:44:20.000,189.88,375.0,189.7,190.05,75.0
2025-10-01,09:44:21.000,189.88,375.0,189.7,190.05,75.0
2025-10-01,09:44:22.000,190.02,375.0,189.8,190.25,450.0
2025-10-01,09:44:23.000,190.02,375.0,189.8,190.25,450.0
2025-10-01,09:44:24.000,189.8,375.0,189.6,190.0,75.0
2025-10-01,09:44:25.000,189.58,600.0,189.3,189.85,750.0
2025-10-01,09:44:26.000,189.58,600.0,189.3,189.85,750.0
2025-10-01,09:44:27.000,188.82,450.0,188.65,189.0,75.0
2025-10-01,09:44:28.000,188.82,450.0,188.65,189.0,75.0
2025-10-01,09:44:29.000,188.62,150.0,188.4,188.85,825.0
2025-10-01,09:44:30.000,188.58,375.0,188.35,188.8,600.0
2025-10-01,09:44:31.000,188.58,375.0,188.35,188.8,600.0
2025-10-01,09:44:32.000,188.8,675.0,188.55,189.05,750.0
2025-10-01,09:44:33.000,188.8,675.0,188.55,189.05,750.0
2025-10-01,09:44:34.000,188.8,375.0,188.55,189.05,225.0
2025-10-01,09:44:35.000,189.1,375.0,188.9,189.3,225.0
2025-10-01,09:44:36.000,189.1,375.0,188.9,189.3,225.0
2025-10-01,09:44:37.000,189.25,75.0,189.1,189.4,900.0
2025-10-01,09:44:38.000,189.25,75.0,189.1,189.4,900.0
2025-10-01,09:44:39.000,189.58,75.0,189.35,189.8,675.0
2025-10-01,09:44:40.000,190.1,75.0,189.9,190.3,75.0
2025-10-01,09:44:41.000,190.1,75.0,189.9,190.3,75.0
2025-10-01,09:44:42.000,190.0,75.0,189.8,190.2,75.0
2025-10-01,09:44:43.000,190.12,75.0,189.9,190.35,600.0
2025-10-01,09:44:44.000,190.12,75.0,189.9,190.35,600.0
2025-10-01,09:44:45.000,189.68,75.0,189.5,189.85,825.0
2025-10-01,09:44:46.000,189.68,75.0,189.5,189.85,825.0
2025-10-01,09:44:47.000,189.1,75.0,189.0,189.2,675.0
2025-10-01,09:44:48.000,188.95,75.0,188.8,189.1,900.0
2025-10-01,09:44:49.000,188.95,75.0,188.8,189.1,900.0
2025-10-01,09:44:50.000,189.02,75.0,188.9,189.15,75.0
2025-10-01,09:44:51.000,189.02,75.0,188.9,189.15,75.0
2025-10-01,09:44:52.000,189.32,75.0,189.1,189.55,600.0
2025-10-01,09:44:53.000,189.58,375.0,189.35,189.8,825.0
2025-10-01,09:44:54.000,189.58,375.0,189.35,189.8,825.0
2025-10-01,09:44:55.000,189.65,375.0,189.45,189.85,75.0
2025-10-01,09:44:56.000,189.65,375.0,189.45,189.85,75.0
2025-10-01,09:44:57.000,189.7,75.0,189.5,189.9,675.0
2025-10-01,09:44:58.000,189.7,75.0,189.55,189.85,600.0
2025-10-01,09:44:59.000,189.7,75.0,189.55,189.85,600.0
2025-10-01,09:45:00.000,190.05,225.0,189.85,190.25,150.0
2025-10-01,09:45:01.000,190.05,225.0,189.85,190.25,150.0
2025-10-01,09:45:02.000,190.02,450.0,189.8,190.25,225.0
2025-10-01,09:45:03.000,190.55,825.0,190.25,190.85,750.0
2025-10-01,09:45:04.000,190.55,825.0,190.25,190.85,750.0
2025-10-01,09:45:05.000,189.85,75.0,189.7,190.0,75.0
2025-10-01,09:45:06.000,189.85,75.0,189.7,190.0,75.0
2025-10-01,09:45:07.000,189.85,750.0,189.6,190.1,675.0
2025-10-01,09:45:08.000,189.9,375.0,189.65,190.15,525.0
