Date,Time,MID_PRICE,BID_SIZE,BID_PRICE,ASK_PRICE,ASK_SIZE
2025-10-01,09:15:00.000,328.42,150.0,316.75,340.1,150.0
2025-10-01,09:15:01.000,318.65,300.0,313.25,324.05,375.0
2025-10-01,09:15:02.000,318.65,300.0,313.25,324.05,375.0
2025-10-01,09:15:03.000,317.6,225.0,313.85,321.35,525.0
2025-10-01,09:15:04.000,316.6,1800.0,314.95,318.25,150.0
2025-10-01,09:15:05.000,318.02,1500.0,316.85,319.2,300.0
2025-10-01,09:15:06.000,318.48,75.0,316.1,320.85,375.0
2025-10-01,09:15:07.000,318.48,75.0,316.1,320.85,375.0
2025-10-01,09:15:08.000,322.27,225.0,320.75,323.8,600.0
2025-10-01,09:15:09.000,321.9,150.0,321.8,322.0,150.0
2025-10-01,09:15:10.000,321.9,150.0,321.8,322.0,150.0
2025-10-01,09:15:11.000,322.98,300.0,321.6,324.35,300.0
2025-10-01,09:15:12.000,323.4,150.0,322.5,324.3,225.0
2025-10-01,09:15:13.000,324.65,375.0,323.8,325.5,300.0
2025-10-01,09:15:14.000,325.3,150.0,324.65,325.95,75.0
2025-10-01,09:15:15.000,325.3,150.0,324.65,325.95,75.0
2025-10-01,09:15:16.000,324.95,75.0,324.45,325.45,225.0
2025-10-01,09:15:17.000,325.25,150.0,324.75,325.75,375.0
2025-10-01,09:15:18.000,325.85,825.0,325.75,325.95,1425.0
2025-10-01,09:15:19.000,325.85,825.0,325.75,325.95,1425.0
2025-10-01,09:15:20.000,325.77,75.0,325.25,326.3,300.0
2025-10-01,09:15:21.000,325.08,150.0,324.65,325.5,150.0
2025-10-01,09:15:22.000,324.48,225.0,324.0,324.95,150.0
2025-10-01,09:15:23.000,324.48,225.0,324.0,324.95,150.0
2025-10-01,09:15:24.000,324.23,300.0,324.0,324.45,150.0
2025-10-01,09:15:25.000,324.25,225.0,323.75,324.75,75.0
2025-10-01,09:15:26.000,322.73,900.0,322.25,323.2,225.0
2025-10-01,09:15:27.000,321.95,75.0,321.6,322.3,75.0
2025-10-01,09:15:28.000,321.95,75.0,321.6,322.3,75.0
2025-10-01,09:15:29.000,321.18,225.0,320.75,321.6,675.0
2025-10-01,09:15:30.000,320.8,1500.0,320.25,321.35,375.0
2025-10-01,09:15:31.000,320.8,1500.0,320.25,321.35,375.0
2025-10-01,09:15:32.000,321.2,450.0,320.8,321.6,75.0
2025-10-01,09:15:33.000,321.3,225.0,320.7,321.9,75.0
2025-10-01,09:15:34.000,321.5,150.0,321.0,322.0,150.0
2025-10-01,09:15:35.000,322.0,75.0,321.4,322.6,450.0
2025-10-01,09:15:36.000,322.0,75.0,321.4,322.6,450.0
2025-10-01,09:15:37.000,320.7,525.0,320.2,321.2,300.0
2025-10-01,09:15:38.000,320.05,600.0,319.5,320.6,525.0
2025-10-01,09:15:39.000,320.05,600.0,319.5,320.6,525.0
2025-10-01,09:15:40.000,320.98,1050.0,320.5,321.45,150.0
2025-10-01,09:15:41.000,320.88,375.0,320.35,321.4,150.0
2025-10-01,09:15:42.000,319.95,300.0,319.5,320.4,525.0
2025-10-01,09:15:43.000,319.95,300.0,319.5,320.4,525.0
2025-10-01,09:15:44.000,319.45,75.0,319.05,319.85,450.0
2025-10-01,09:15:45.000,319.38,150.0,318.95,319.8,300.0
2025-10-01,09:15:46.000,318.7,75.0,318.25,319.15,225.0
2025-10-01,09:15:47.000,319.38,150.0,318.95,319.8,375.0
2025-10-01,09:15:48.000,319.38,150.0,318.95,319.8,375.0
2025-10-01,09:15:49.000,317.98,375.0,317.5,318.45,1425.0
2025-10-01,09:15:50.000,317.5,150.0,317.05,317.95,150.0
2025-10-01,09:15:51.000,317.85,450.0,317.3,318.4,450.0
2025-10-01,09:15:52.000,317.85,450.0,317.3,318.4,450.0
2025-10-01,09:15:53.000,317.05,450.0,316.45,317.65,225.0
2025-10-01,09:15:54.000,317.45,225.0,317.0,317.9,225.0
2025-10-01,09:15:55.000,315.55,375.0,315.0,316.1,300.0
2025-10-01,09:15:56.000,315.55,375.0,315.0,316.1,300.0
2025-10-01,09:15:57.000,316.25,375.0,315.65,316.85,300.0
2025-10-01,09:15:58.000,316.08,525.0,315.65,316.5,225.0
2025-10-01,09:15:59.000,315.88,225.0,315.3,316.45,225.0
2025-10-01,09:16:00.000,315.88,225.0,315.3,316.45,225.0
2025-10-01,09:16:01.000,314.02,975.0,313.55,314.5,300.0
2025-10-01,09:16:02.000,314.73,300.0,314.35,315.1,75.0
2025-10-01,09:16:03.000,314.35,300.0,314.05,314.65,300.0
2025-10-01,09:16:04.000,314.35,300.0,314.05,314.65,300.0
2025-10-01,09:16:05.000,315.38,225.0,315.15,315.6,150.0
2025-10-01,09:16:06.000,316.7,150.0,316.6,316.8,150.0
2025-10-01,09:16:07.000,316.7,150.0,316.6,316.8,150.0
2025-10-01,09:16:08.000,317.38,450.0,316.85,317.9,1800.0
2025-10-01,09:16:09.000,317.55,300.0,317.15,317.95,225.0
2025-10-01,09:16:10.000,316.7,150.0,316.5,316.9,300.0
2025-10-01,09:16:11.000,316.7,150.0,316.5,316.9,300.0
2025-10-01,09:16:12.000,316.65,150.0,316.25,317.05,2250.0
2025-10-01,09:16:13.000,316.68,150.0,316.35,317.0,450.0
2025-10-01,09:16:14.000,316.68,150.0,316.35,317.0,450.0
2025-10-01,09:16:15.000,316.75,225.0,316.3,317.2,150.0
2025-10-01,09:16:16.000,316.8,150.0,316.55,317.05,375.0
2025-10-01,09:16:17.000,316.8,150.0,316.55,317.05,375.0
2025-10-01,09:16:18.000,314.73,75.0,314.3,315.15,225.0
2025-10-01,09:16:19.000,314.68,150.0,314.25,315.1,300.0
2025-10-01,09:16:20.000,314.85,375.0,314.4,315.3,375.0
2025-10-01,09:16:21.000,314.85,375.0,314.4,315.3,375.0
2025-10-01,09:16:22.000,315.02,150.0,314.8,315.25,75.0
2025-10-01,09:16:23.000,315.3,150.0,315.1,315.5,300.0
2025-10-01,09:16:24.000,315.15,150.0,314.85,315.45,150.0
2025-10-01,09:16:25.000,315.15,150.0,314.85,315.45,150.0
2025-10-01,09:16:26.000,314.88,75.0,314.45,315.3,375.0
2025-10-01,09:16:27.000,314.65,1800.0,314.45,314.85,225.0
2025-10-01,09:16:28.000,315.48,2325.0,315.05,315.9,75.0
2025-10-01,09:16:29.000,314.2,1800.0,313.7,314.7,225.0
2025-10-01,09:16:30.000,314.2,1800.0,313.7,314.7,225.0
2025-10-01,09:16:31.000,314.5,150.0,314.25,314.75,75.0
2025-10-01,09:16:32.000,315.15,150.0,314.75,315.55,150.0
2025-10-01,09:16:33.000,315.15,150.0,314.75,315.55,150.0
2025-10-01,09:16:34.000,315.1,150.0,314.75,315.45,150.0
2025-10-01,09:16:35.000,313.82,225.0,313.5,314.15,225.0
2025-10-01,09:16:36.000,313.12,150.0,312.75,313.5,150.0
2025-10-01,09:16:37.000,313.12,150.0,312.75,313.5,150.0
2025-10-01,09:16:38.000,312.27,225.0,312.0,312.55,375.0
2025-10-01,09:16:39.000,311.83,375.0,311.35,312.3,825.0
2025-10-01,09:16:40.000,311.83,375.0,311.35,312.3,825.0
2025-10-01,09:16:41.000,311.42,225.0,311.0,311.85,150.0
2025-10-01,09:16:42.000,309.5,2100.0,309.0,310.0,450.0
2025-10-01,09:16:43.000,310.8,75.0,310.3,311.3,450.0
2025-10-01,09:16:44.000,310.8,75.0,310.3,311.3,450.0
2025-10-01,09:16:45.000,311.52,2250.0,311.05,312.0,375.0
2025-10-01,09:16:46.000,313.05,150.0,312.85,313.25,225.0
2025-10-01,09:16:47.000,313.05,150.0,312.85,313.25,225.0
2025-10-01,09:16:48.000,311.1,1800.0,310.7,311.5,150.0
2025-10-01,09:16:49.000,312.05,1800.0,311.6,312.5,375.0
2025-10-01,09:16:50.000,312.02,1200.0,311.6,312.45,450.0
2025-10-01,09:16:51.000,312.02,1200.0,311.6,312.45,450.0
2025-10-01,09:16:52.000,313.0,75.0,312.6,313.4,225.0
2025-10-01,09:16:53.000,312.02,1875.0,311.65,312.4,300.0
2025-10-01,09:16:54.000,312.55,75.0,312.35,312.75,150.0
2025-10-01,09:16:55.000,312.55,75.0,312.35,312.75,150.0
2025-10-01,09:16:56.000,311.7,525.0,311.6,311.8,75.0
2025-10-01,09:16:57.000,311.95,75.0,311.75,312.15,225.0
2025-10-01,09:16:58.000,311.45,1800.0,311.1,311.8,75.0
2025-10-01,09:16:59.000,311.45,1800.0,311.1,311.8,75.0
2025-10-01,09:17:00.000,311.38,225.0,311.25,311.5,150.0
2025-10-01,09:17:01.000,310.8,1800.0,310.45,311.15,450.0
2025-10-01,09:17:02.000,310.8,1800.0,310.45,311.15,450.0
2025-10-01,09:17:03.000,310.65,75.0,310.25,311.05,75.0
2025-10-01,09:17:04.000,310.32,1200.0,310.0,310.65,150.0
2025-10-01,09:17:05.000,310.38,75.0,310.05,310.7,75.0
2025-10-01,09:17:06.000,310.38,75.0,310.05,310.7,75.0
2025-10-01,09:17:07.000,310.27,600.0,310.0,310.55,75.0
2025-10-01,09:17:08.000,310.23,600.0,310.0,310.45,75.0
2025-10-01,09:17:09.000,309.73,1950.0,309.3,310.15,75.0
2025-10-01,09:17:10.000,309.73,1950.0,309.3,310.15,75.0
2025-10-01,09:17:11.000,309.92,450.0,309.5,310.35,150.0
2025-10-01,09:17:12.000,310.35,1800.0,309.95,310.75,75.0
2025-10-01,09:17:13.000,309.77,1800.0,309.65,309.9,150.0
2025-10-01,09:17:14.000,309.77,1800.0,309.65,309.9,150.0
2025-10-01,09:17:15.000,310.92,75.0,310.55,311.3,150.0
2025-10-01,09:17:16.000,311.48,75.0,311.2,311.75,75.0
2025-10-01,09:17:17.000,311.48,75.0,311.2,311.75,75.0
2025-10-01,09:17:18.000,312.27,75.0,311.9,312.65,225.0
2025-10-01,09:17:19.000,312.1,150.0,311.75,312.45,150.0
2025-10-01,09:17:20.000,313.33,75.0,313.05,313.6,900.0
2025-10-01,09:17:21.000,313.33,75.0,313.05,313.6,900.0
2025-10-01,09:17:22.000,312.7,75.0,312.35,313.05,300.0
2025-10-01,09:17:23.000,314.12,75.0,313.8,314.45,900.0
2025-10-01,09:17:24.000,314.12,75.0,313.8,314.45,900.0
2025-10-01,09:17:25.000,315.95,75.0,315.65,316.25,900.0
2025-10-01,09:17:26.000,315.6,900.0,315.3,315.9,900.0
2025-10-01,09:17:27.000,315.98,75.0,315.6,316.35,300.0
2025-10-01,09:17:28.000,315.98,75.0,315.6,316.35,300.0
2025-10-01,09:17:29.000,316.58,150.0,316.25,316.9,225.0
2025-10-01,09:17:30.000,317.48,150.0,317.15,317.8,900.0
2025-10-01,09:17:31.000,317.48,150.0,317.15,317.8,900.0
2025-10-01,09:17:32.000,317.75,150.0,317.5,318.0,150.0
2025-10-01,09:17:33.000,317.77,150.0,317.5,318.05,900.0
2025-10-01,09:17:34.000,317.77,150.0,317.5,318.05,900.0
2025-10-01,09:17:35.000,316.7,2025.0,316.2,317.2,1125.0
2025-10-01,09:17:36.000,316.3,75.0,315.85,316.75,75.0
2025-10-01,09:17:37.000,317.27,300.0,316.8,317.75,450.0
2025-10-01,09:17:38.000,317.27,300.0,316.8,317.75,450.0
2025-10-01,09:17:39.000,318.6,150.0,318.25,318.95,1350.0
2025-10-01,09:17:40.000,318.45,300.0,318.0,318.9,1275.0
2025-10-01,09:17:41.000,318.45,300.0,318.0,318.9,1275.0
2025-10-01,09:17:42.000,319.23,75.0,318.85,319.6,900.0
2025-10-01,09:17:43.000,319.12,75.0,318.75,319.5,150.0
2025-10-01,09:17:44.000,318.75,525.0,318.3,319.2,300.0
2025-10-01,09:17:45.000,318.75,525.0,318.3,319.2,300.0
2025-10-01,09:17:46.000,318.58,1800.0,318.3,318.85,75.0
2025-10-01,09:17:47.000,316.95,2025.0,316.5,317.4,300.0
2025-10-01,09:17:48.000,316.95,2025.0,316.5,317.4,300.0
2025-10-01,09:17:49.000,316.38,1875.0,315.9,316.85,525.0
2025-10-01,09:17:50.000,316.25,825.0,315.8,316.7,450.0
2025-10-01,09:17:51.000,316.25,825.0,315.8,316.7,450.0
2025-10-01,09:17:52.000,316.4,825.0,315.95,316.85,750.0
2025-10-01,09:17:53.000,317.82,750.0,317.65,318.0,150.0
2025-10-01,09:17:54.000,318.7,150.0,318.25,319.15,525.0
2025-10-01,09:17:55.000,318.7,150.0,318.25,319.15,525.0
2025-10-01,09:17:56.000,318.75,75.0,318.6,318.9,225.0
2025-10-01,09:17:57.000,319.45,300.0,319.0,319.9,75.0
2025-10-01,09:17:58.000,319.45,300.0,319.0,319.9,75.0
2025-10-01,09:17:59.000,319.73,2925.0,319.3,320.15,375.0
2025-10-01,09:18:00.000,321.12,300.0,320.65,321.6,1275.0
2025-10-01,09:18:01.000,321.12,300.0,320.65,321.6,1275.0
2025-10-01,09:18:02.000,319.77,525.0,319.6,319.95,150.0
2025-10-01,09:18:03.000,318.95,75.0,318.5,319.4,75.0
2025-10-01,09:18:04.000,318.45,150.0,318.0,318.9,375.0
2025-10-01,09:18:05.000,318.45,150.0,318.0,318.9,375.0
2025-10-01,09:18:06.000,319.17,75.0,318.7,319.65,225.0
2025-10-01,09:18:07.000,318.27,300.0,317.85,318.7,75.0
2025-10-01,09:18:08.000,318.27,300.0,317.85,318.7,75.0
2025-10-01,09:18:09.000,318.23,75.0,317.85,318.6,375.0
2025-10-01,09:18:10.000,318.08,300.0,317.75,318.4,375.0
2025-10-01,09:18:11.000,318.35,75.0,318.2,318.5,75.0
2025-10-01,09:18:12.000,318.35,75.0,318.2,318.5,75.0
2025-10-01,09:18:13.000,319.1,300.0,318.8,319.4,450.0
2025-10-01,09:18:14.000,318.7,225.0,318.45,318.95,225.0
2025-10-01,09:18:15.000,318.7,225.0,318.45,318.95,225.0
2025-10-01,09:18:16.000,319.3,150.0,318.95,319.65,300.0
2025-10-01,09:18:17.000,319.23,75.0,318.8,319.65,225.0
2025-10-01,09:18:18.000,319.08,150.0,318.9,319.25,225.0
2025-10-01,09:18:19.000,319.08,150.0,318.9,319.25,225.0
2025-10-01,09:18:20.000,319.5,300.0,319.1,319.9,150.0
2025-10-01,09:18:21.000,318.0,300.0,317.55,318.45,225.0
2025-10-01,09:18:22.000,318.15,300.0,318.0,318.3,225.0
2025-10-01,09:18:23.000,318.15,300.0,318.0,318.3,225.0
2025-10-01,09:18:24.000,318.02,150.0,317.75,318.3,225.0
2025-10-01,09:18:25.000,318.08,150.0,317.75,318.4,225.0
2025-10-01,09:18:26.000,318.08,150.0,317.75,318.4,225.0
2025-10-01,09:18:27.000,318.23,75.0,317.85,318.6,225.0
2025-10-01,09:18:28.000,317.38,300.0,316.85,317.9,150.0
2025-10-01,09:18:29.000,317.02,225.0,316.75,317.3,225.0
2025-10-01,09:18:30.000,317.02,225.0,316.75,317.3,225.0
2025-10-01,09:18:31.000,317.05,525.0,316.6,317.5,450.0
2025-10-01,09:18:32.000,315.6,150.0,315.25,315.95,300.0
2025-10-01,09:18:33.000,315.6,150.0,315.25,315.95,300.0
2025-10-01,09:18:34.000,315.65,225.0,315.25,316.05,150.0
2025-10-01,09:18:35.000,316.62,75.0,316.25,317.0,225.0
2025-10-01,09:18:36.000,316.68,150.0,316.25,317.1,375.0
2025-10-01,09:18:37.000,316.68,150.0,316.25,317.1,375.0
2025-10-01,09:18:38.000,316.4,300.0,316.0,316.8,375.0
2025-10-01,09:18:39.000,317.0,225.0,316.6,317.4,300.0
2025-10-01,09:18:40.000,317.38,300.0,316.9,317.85,150.0
2025-10-01,09:18:41.000,317.38,300.0,316.9,317.85,150.0
2025-10-01,09:18:42.000,317.7,75.0,317.3,318.1,375.0
2025-10-01,09:18:43.000,317.7,75.0,317.3,318.1,375.0
2025-10-01,09:18:44.000,318.08,75.0,317.7,318.45,225.0
2025-10-01,09:18:45.000,318.12,150.0,317.75,318.5,375.0
2025-10-01,09:18:46.000,318.12,150.0,317.75,318.5,375.0
2025-10-01,09:18:47.000,317.05,225.0,316.7,317.4,525.0
2025-10-01,09:18:48.000,317.05,225.0,316.7,317.4,525.0
2025-10-01,09:18:49.000,316.77,300.0,316.35,317.2,150.0
2025-10-01,09:18:50.000,316.7,300.0,316.35,317.05,150.0
2025-10-01,09:18:51.000,316.7,300.0,316.35,317.05,150.0
2025-10-01,09:18:52.000,316.65,525.0,316.25,317.05,225.0
2025-10-01,09:18:53.000,316.65,525.0,316.25,317.05,225.0
2025-10-01,09:18:54.000,315.9,75.0,315.7,316.1,300.0
2025-10-01,09:18:55.000,315.75,225.0,315.2,316.3,375.0
2025-10-01,09:18:56.000,315.75,225.0,315.2,316.3,375.0
2025-10-01,09:18:57.000,315.85,150.0,315.5,316.2,150.0
2025-10-01,09:18:58.000,315.85,150.0,315.5,316.2,150.0
2025-10-01,09:18:59.000,315.1,2250.0,315.0,315.2,300.0
2025-10-01,09:19:00.000,315.05,75.0,314.75,315.35,150.0
2025-10-01,09:19:01.000,315.05,75.0,314.75,315.35,150.0
2025-10-01,09:19:02.000,313.77,75.0,313.55,314.0,75.0
2025-10-01,09:19:03.000,313.77,75.0,313.55,314.0,75.0
2025-10-01,09:19:04.000,314.48,225.0,314.2,314.75,300.0
2025-10-01,09:19:05.000,313.45,450.0,313.05,313.85,225.0
2025-10-01,09:19:06.000,313.45,450.0,313.05,313.85,225.0
2025-10-01,09:19:07.000,314.08,75.0,313.65,314.5,375.0
2025-10-01,09:19:08.000,314.08,75.0,313.65,314.5,375.0
2025-10-01,09:19:09.000,314.2,300.0,313.75,314.65,525.0
2025-10-01,09:19:10.000,314.02,75.0,313.65,314.4,375.0
2025-10-01,09:19:11.000,314.02,75.0,313.65,314.4,375.0
2025-10-01,09:19:12.000,313.18,150.0,312.85,313.5,225.0
2025-10-01,09:19:13.000,313.18,150.0,312.85,313.5,225.0
2025-10-01,09:19:14.000,313.5,375.0,313.2,313.8,525.0
2025-10-01,09:19:15.000,313.05,75.0,312.7,313.4,375.0
2025-10-01,09:19:16.000,313.05,75.0,312.7,313.4,375.0
2025-10-01,09:19:17.000,313.77,600.0,313.55,314.0,375.0
2025-10-01,09:19:18.000,313.77,600.0,313.55,314.0,375.0
2025-10-01,09:19:19.000,312.77,150.0,312.5,313.05,150.0
2025-10-01,09:19:20.000,311.8,150.0,311.5,312.1,375.0
2025-10-01,09:19:21.000,311.8,150.0,311.5,312.1,375.0
2025-10-01,09:19:22.000,311.62,150.0,311.3,311.95,300.0
2025-10-01,09:19:23.000,311.62,150.0,311.3,311.95,300.0
2025-10-01,09:19:24.000,311.88,225.0,311.6,312.15,75.0
2025-10-01,09:19:25.000,312.25,375.0,311.8,312.7,300.0
2025-10-01,09:19:26.000,312.25,375.0,311.8,312.7,300.0
2025-10-01,09:19:27.000,313.92,75.0,313.45,314.4,150.0
2025-10-01,09:19:28.000,313.92,75.0,313.45,314.4,150.0
2025-10-01,09:19:29.000,314.12,75.0,313.8,314.45,150.0
2025-10-01,09:19:30.000,315.5,225.0,315.1,315.9,150.0
2025-10-01,09:19:31.000,315.5,225.0,315.1,315.9,150.0
2025-10-01,09:19:32.000,314.92,75.0,314.65,315.2,150.0
2025-10-01,09:19:33.000,314.92,75.0,314.65,315.2,150.0
2025-10-01,09:19:34.000,315.33,75.0,315.1,315.55,150.0
2025-10-01,09:19:35.000,314.35,75.0,314.2,314.5,150.0
2025-10-01,09:19:36.000,314.35,75.0,314.2,314.5,150.0
2025-10-01,09:19:37.000,314.62,300.0,314.3,314.95,150.0
2025-10-01,09:19:38.000,314.62,300.0,314.3,314.95,150.0
2025-10-01,09:19:39.000,315.02,150.0,314.7,315.35,150.0
2025-10-01,09:19:40.000,315.48,450.0,315.05,315.9,150.0
2025-10-01,09:19:41.000,315.48,450.0,315.05,315.9,150.0
2025-10-01,09:19:42.000,316.05,150.0,315.65,316.45,300.0
2025-10-01,09:19:43.000,316.05,150.0,315.65,316.45,300.0
2025-10-01,09:19:44.000,315.52,225.0,315.15,315.9,375.0
2025-10-01,09:19:45.000,317.05,225.0,316.65,317.45,375.0
2025-10-01,09:19:46.000,317.05,225.0,316.65,317.45,375.0
2025-10-01,09:19:47.000,315.4,75.0,315.05,315.75,600.0
2025-10-01,09:19:48.000,315.4,75.0,315.05,315.75,600.0
2025-10-01,09:19:49.000,314.25,75.0,314.0,314.5,450.0
2025-10-01,09:19:50.000,314.3,225.0,314.0,314.6,150.0
2025-10-01,09:19:51.000,314.3,225.0,314.0,314.6,150.0
2025-10-01,09:19:52.000,313.32,300.0,312.95,313.7,75.0
2025-10-01,09:19:53.000,313.32,300.0,312.95,313.7,75.0
2025-10-01,09:19:54.000,312.8,375.0,312.45,313.15,75.0
2025-10-01,09:19:55.000,313.18,225.0,312.8,313.55,525.0
2025-10-01,09:19:56.000,313.18,225.0,312.8,313.55,525.0
2025-10-01,09:19:57.000,311.75,75.0,311.35,312.15,375.0
2025-10-01,09:19:58.000,311.75,75.0,311.35,312.15,375.0
2025-10-01,09:19:59.000,310.82,825.0,310.5,311.15,75.0
2025-10-01,09:20:00.000,310.4,525.0,310.05,310.75,150.0
2025-10-01,09:20:01.000,310.4,525.0,310.05,310.75,150.0
2025-10-01,09:20:02.000,310.23,600.0,309.75,310.7,75.0
2025-10-01,09:20:03.000,310.23,600.0,309.75,310.7,75.0
2025-10-01,09:20:04.000,309.82,150.0,309.5,310.15,225.0
2025-10-01,09:20:05.000,309.9,150.0,309.5,310.3,225.0
2025-10-01,09:20:06.000,309.9,150.0,309.5,310.3,225.0
2025-10-01,09:20:07.000,309.6,300.0,309.3,309.9,375.0
2025-10-01,09:20:08.000,309.6,300.0,309.3,309.9,375.0
2025-10-01,09:20:09.000,309.6,375.0,309.2,310.0,75.0
2025-10-01,09:20:10.000,309.23,75.0,308.8,309.65,150.0
2025-10-01,09:20:11.000,309.23,75.0,308.8,309.65,150.0
2025-10-01,09:20:12.000,308.23,225.0,307.85,308.6,300.0
2025-10-01,09:20:13.000,308.23,225.0,307.85,308.6,300.0
2025-10-01,09:20:14.000,307.95,75.0,307.55,308.35,225.0
2025-10-01,09:20:15.000,307.23,225.0,306.85,307.6,150.0
2025-10-01,09:20:16.000,307.23,225.0,306.85,307.6,150.0
2025-10-01,09:20:17.000,307.68,150.0,307.35,308.0,225.0
2025-10-01,09:20:18.000,307.68,150.0,307.35,308.0,225.0
2025-10-01,09:20:19.000,307.65,225.0,307.3,308.0,225.0
2025-10-01,09:20:20.000,305.45,225.0,305.05,305.85,75.0
2025-10-01,09:20:21.000,305.45,225.0,305.05,305.85,75.0
2025-10-01,09:20:22.000,307.27,375.0,306.85,307.7,75.0
2025-10-01,09:20:23.000,306.98,150.0,306.55,307.4,150.0
2025-10-01,09:20:24.000,306.98,150.0,306.55,307.4,150.0
2025-10-01,09:20:25.000,305.92,675.0,305.5,306.35,225.0
2025-10-01,09:20:26.000,305.92,675.0,305.5,306.35,225.0
2025-10-01,09:20:27.000,306.2,375.0,305.75,306.65,225.0
2025-10-01,09:20:28.000,306.35,450.0,305.95,306.75,300.0
2025-10-01,09:20:29.000,306.35,450.0,305.95,306.75,300.0
2025-10-01,09:20:30.000,307.05,225.0,306.7,307.4,150.0
2025-10-01,09:20:31.000,307.05,225.0,306.7,307.4,150.0
2025-10-01,09:20:32.000,307.77,225.0,307.4,308.15,225.0
2025-10-01,09:20:33.000,309.45,150.0,309.3,309.6,225.0
2025-10-01,09:20:34.000,309.45,150.0,309.3,309.6,225.0
2025-10-01,09:20:35.000,309.05,450.0,308.55,309.55,225.0
2025-10-01,09:20:36.000,308.9,225.0,308.85,308.95,75.0
2025-10-01,09:20:37.000,308.9,225.0,308.85,308.95,75.0
2025-10-01,09:20:38.000,307.68,225.0,307.35,308.0,375.0
2025-10-01,09:20:39.000,307.68,225.0,307.35,308.0,375.0
2025-10-01,09:20:40.000,307.45,525.0,307.05,307.85,450.0
2025-10-01,09:20:41.000,309.08,75.0,308.65,309.5,225.0
2025-10-01,09:20:42.000,309.08,75.0,308.65,309.5,225.0
2025-10-01,09:20:43.000,310.1,225.0,309.75,310.45,375.0
2025-10-01,09:20:44.000,310.1,225.0,309.75,310.45,375.0
2025-10-01,09:20:45.000,309.08,225.0,308.75,309.4,75.0
2025-10-01,09:20:46.000,308.77,75.0,308.7,308.85,225.0
2025-10-01,09:20:47.000,308.77,75.0,308.7,308.85,225.0
2025-10-01,09:20:48.000,308.42,675.0,308.05,308.8,375.0
2025-10-01,09:20:49.000,308.42,675.0,308.05,308.8,375.0
2025-10-01,09:20:50.000,309.92,225.0,309.55,310.3,525.0
2025-10-01,09:20:51.000,309.5,225.0,309.15,309.85,375.0
2025-10-01,09:20:52.000,309.5,225.0,309.15,309.85,375.0
2025-10-01,09:20:53.000,309.12,375.0,308.75,309.5,225.0
2025-10-01,09:20:54.000,309.12,375.0,308.75,309.5,225.0
2025-10-01,09:20:55.000,311.48,375.0,311.0,311.95,900.0
2025-10-01,09:20:56.000,312.7,225.0,312.25,313.15,225.0
2025-10-01,09:20:57.000,312.7,225.0,312.25,313.15,225.0
2025-10-01,09:20:58.000,312.95,450.0,312.5,313.4,75.0
2025-10-01,09:20:59.000,313.6,225.0,313.25,313.95,150.0
2025-10-01,09:21:00.000,313.6,225.0,313.25,313.95,150.0
2025-10-01,09:21:01.000,312.38,150.0,311.95,312.8,150.0
2025-10-01,09:21:02.000,312.38,150.0,311.95,312.8,150.0
2025-10-01,09:21:03.000,311.55,525.0,311.15,311.95,150.0
2025-10-01,09:21:04.000,310.7,150.0,310.3,311.1,150.0
2025-10-01,09:21:05.000,310.7,150.0,310.3,311.1,150.0
2025-10-01,09:21:06.000,311.42,225.0,311.05,311.8,150.0
2025-10-01,09:21:07.000,311.42,225.0,311.05,311.8,150.0
2025-10-01,09:21:08.000,311.55,225.0,311.15,311.95,75.0
2025-10-01,09:21:09.000,311.95,75.0,311.6,312.3,450.0
2025-10-01,09:21:10.000,311.95,75.0,311.6,312.3,450.0
2025-10-01,09:21:11.000,312.55,150.0,312.2,312.9,450.0
2025-10-01,09:21:12.000,312.55,150.0,312.2,312.9,450.0
2025-10-01,09:21:13.000,312.12,150.0,311.8,312.45,75.0
2025-10-01,09:21:14.000,312.98,450.0,312.7,313.25,525.0
2025-10-01,09:21:15.000,312.98,450.0,312.7,313.25,525.0
2025-10-01,09:21:16.000,313.88,225.0,313.4,314.35,225.0
2025-10-01,09:21:17.000,313.88,225.0,313.4,314.35,225.0
2025-10-01,09:21:18.000,314.45,450.0,314.15,314.75,225.0
2025-10-01,09:21:19.000,313.35,750.0,312.95,313.75,375.0
2025-10-01,09:21:20.000,313.35,750.0,312.95,313.75,375.0
2025-10-01,09:21:21.000,313.95,525.0,313.55,314.35,150.0
2025-10-01,09:21:22.000,313.95,525.0,313.55,314.35,150.0
2025-10-01,09:21:23.000,312.2,525.0,311.8,312.6,375.0
2025-10-01,09:21:24.000,311.65,525.0,311.25,312.05,225.0
2025-10-01,09:21:25.000,311.65,525.0,311.25,312.05,225.0
2025-10-01,09:21:26.000,310.42,75.0,310.1,310.75,600.0
2025-10-01,09:21:27.000,310.42,75.0,310.1,310.75,600.0
2025-10-01,09:21:28.000,309.8,375.0,309.45,310.15,375.0
2025-10-01,09:21:29.000,309.42,975.0,309.0,309.85,600.0
2025-10-01,09:21:30.000,309.42,975.0,309.0,309.85,600.0
2025-10-01,09:21:31.000,310.5,75.0,310.1,310.9,75.0
2025-10-01,09:21:32.000,310.5,75.0,310.1,310.9,75.0
2025-10-01,09:21:33.000,310.18,300.0,309.8,310.55,150.0
2025-10-01,09:21:34.000,311.1,225.0,310.85,311.35,375.0
2025-10-01,09:21:35.000,311.1,225.0,310.85,311.35,375.0
2025-10-01,09:21:36.000,311.02,150.0,310.75,311.3,225.0
2025-10-01,09:21:37.000,311.02,150.0,310.75,311.3,225.0
2025-10-01,09:21:38.000,311.5,150.0,311.05,311.95,225.0
2025-10-01,09:21:39.000,312.65,150.0,312.25,313.05,75.0
2025-10-01,09:21:40.000,312.65,150.0,312.25,313.05,75.0
2025-10-01,09:21:41.000,311.58,225.0,311.3,311.85,225.0
2025-10-01,09:21:42.000,311.58,225.0,311.3,311.85,225.0
2025-10-01,09:21:43.000,312.23,225.0,311.8,312.65,150.0
2025-10-01,09:21:44.000,311.98,75.0,311.6,312.35,675.0
2025-10-01,09:21:45.000,311.98,75.0,311.6,312.35,675.0
2025-10-01,09:21:46.000,310.95,225.0,310.55,311.35,150.0
2025-10-01,09:21:47.000,310.95,225.0,310.55,311.35,150.0
2025-10-01,09:21:48.000,311.42,225.0,311.25,311.6,225.0
2025-10-01,09:21:49.000,311.98,300.0,311.55,312.4,225.0
2025-10-01,09:21:50.000,311.98,300.0,311.55,312.4,225.0
2025-10-01,09:21:51.000,312.1,225.0,311.75,312.45,225.0
2025-10-01,09:21:52.000,312.1,225.0,311.75,312.45,225.0
2025-10-01,09:21:53.000,312.05,75.0,311.7,312.4,225.0
2025-10-01,09:21:54.000,311.82,600.0,311.4,312.25,450.0
2025-10-01,09:21:55.000,311.82,600.0,311.4,312.25,450.0
2025-10-01,09:21:56.000,312.38,525.0,312.0,312.75,600.0
2025-10-01,09:21:57.000,312.38,525.0,312.0,312.75,600.0
2025-10-01,09:21:58.000,313.85,150.0,313.45,314.25,75.0
2025-10-01,09:21:59.000,313.5,375.0,313.1,313.9,450.0
2025-10-01,09:22:00.000,313.5,375.0,313.1,313.9,450.0
2025-10-01,09:22:01.000,314.68,150.0,314.3,315.05,150.0
2025-10-01,09:22:02.000,314.68,150.0,314.3,315.05,150.0
2025-10-01,09:22:03.000,313.9,75.0,313.55,314.25,525.0
2025-10-01,09:22:04.000,313.9,75.0,313.55,314.25,525.0
2025-10-01,09:22:05.000,315.5,150.0,315.25,315.75,150.0
2025-10-01,09:22:06.000,315.73,150.0,315.5,315.95,225.0
2025-10-01,09:22:07.000,315.73,150.0,315.5,315.95,225.0
2025-10-01,09:22:08.000,315.32,150.0,314.95,315.7,225.0
2025-10-01,09:22:09.000,315.08,150.0,314.75,315.4,375.0
2025-10-01,09:22:10.000,315.08,150.0,314.75,315.4,375.0
2025-10-01,09:22:11.000,314.25,225.0,313.9,314.6,75.0
2025-10-01,09:22:12.000,314.25,225.0,313.9,314.6,75.0
2025-10-01,09:22:13.000,314.45,75.0,314.3,314.6,225.0
2025-10-01,09:22:14.000,314.92,225.0,314.5,315.35,600.0
2025-10-01,09:22:15.000,314.92,225.0,314.5,315.35,600.0
2025-10-01,09:22:16.000,315.42,750.0,315.25,315.6,225.0
2025-10-01,09:22:17.000,315.42,750.0,315.25,315.6,225.0
2025-10-01,09:22:18.000,315.42,150.0,315.05,315.8,75.0
2025-10-01,09:22:19.000,315.52,150.0,315.1,315.95,450.0
2025-10-01,09:22:20.000,315.52,150.0,315.1,315.95,450.0
2025-10-01,09:22:21.000,315.65,150.0,315.25,316.05,375.0
2025-10-01,09:22:22.000,315.65,150.0,315.25,316.05,375.0
2025-10-01,09:22:23.000,315.6,300.0,315.2,316.0,225.0
2025-10-01,09:22:24.000,315.68,525.0,315.3,316.05,750.0
2025-10-01,09:22:25.000,315.68,525.0,315.3,316.05,750.0
2025-10-01,09:22:26.000,315.65,75.0,315.3,316.0,75.0
2025-10-01,09:22:27.000,315.65,75.0,315.3,316.0,75.0
2025-10-01,09:22:28.000,315.5,450.0,315.1,315.9,375.0
2025-10-01,09:22:29.000,314.95,300.0,314.6,315.3,75.0
2025-10-01,09:22:30.000,314.95,300.0,314.6,315.3,75.0
2025-10-01,09:22:31.000,314.92,450.0,314.7,315.15,375.0
2025-10-01,09:22:32.000,314.42,75.0,314.0,314.85,300.0
2025-10-01,09:22:33.000,314.42,75.0,314.0,314.85,300.0
2025-10-01,09:22:34.000,313.9,75.0,313.5,314.3,225.0
2025-10-01,09:22:35.000,313.9,75.0,313.5,314.3,225.0
2025-10-01,09:22:36.000,313.95,600.0,313.55,314.35,225.0
2025-10-01,09:22:37.000,314.62,225.0,314.25,315.0,225.0
2025-10-01,09:22:38.000,314.62,225.0,314.25,315.0,225.0
2025-10-01,09:22:39.000,313.98,225.0,313.55,314.4,75.0
2025-10-01,09:22:40.000,313.98,225.0,313.55,314.4,75.0
2025-10-01,09:22:41.000,314.08,150.0,313.65,314.5,225.0
2025-10-01,09:22:42.000,314.3,75.0,313.95,314.65,225.0
2025-10-01,09:22:43.000,314.3,75.0,313.95,314.65,225.0
2025-10-01,09:22:44.000,314.3,150.0,314.1,314.5,225.0
2025-10-01,09:22:45.000,314.3,150.0,314.1,314.5,225.0
2025-10-01,09:22:46.000,314.15,375.0,313.75,314.55,150.0
2025-10-01,09:22:47.000,314.88,150.0,314.5,315.25,300.0
2025-10-01,09:22:48.000,314.88,150.0,314.5,315.25,300.0
2025-10-01,09:22:49.000,314.65,150.0,314.25,315.05,525.0
2025-10-01,09:22:50.000,314.88,525.0,314.55,315.2,225.0
2025-10-01,09:22:51.000,314.88,525.0,314.55,315.2,225.0
2025-10-01,09:22:52.000,314.0,150.0,313.6,314.4,225.0
2025-10-01,09:22:53.000,314.0,150.0,313.6,314.4,225.0
2025-10-01,09:22:54.000,313.9,75.0,313.55,314.25,150.0
2025-10-01,09:22:55.000,313.32,150.0,312.95,313.7,75.0
2025-10-01,09:22:56.000,313.32,150.0,312.95,313.7,75.0
2025-10-01,09:22:57.000,312.77,75.0,312.4,313.15,375.0
2025-10-01,09:22:58.000,312.77,75.0,312.4,313.15,375.0
2025-10-01,09:22:59.000,312.45,300.0,312.05,312.85,525.0
2025-10-01,09:23:00.000,312.68,300.0,312.3,313.05,375.0
2025-10-01,09:23:01.000,312.68,300.0,312.3,313.05,375.0
2025-10-01,09:23:02.000,312.0,75.0,311.65,312.35,375.0
2025-10-01,09:23:03.000,312.0,75.0,311.65,312.35,375.0
2025-10-01,09:23:04.000,312.23,75.0,311.85,312.6,75.0
2025-10-01,09:23:05.000,311.62,300.0,311.25,312.0,225.0
2025-10-01,09:23:06.000,311.62,300.0,311.25,312.0,225.0
2025-10-01,09:23:07.000,312.4,75.0,311.95,312.85,300.0
2025-10-01,09:23:08.000,312.4,75.0,311.95,312.85,300.0
2025-10-01,09:23:09.000,312.68,600.0,312.25,313.1,75.0
2025-10-01,09:23:10.000,311.8,600.0,311.35,312.25,450.0
2025-10-01,09:23:11.000,311.8,600.0,311.35,312.25,450.0
2025-10-01,09:23:12.000,313.15,225.0,312.65,313.65,375.0
2025-10-01,09:23:13.000,313.15,225.0,312.65,313.65,375.0
2025-10-01,09:23:14.000,313.8,525.0,313.45,314.15,150.0
2025-10-01,09:23:15.000,314.35,300.0,314.0,314.7,150.0
2025-10-01,09:23:16.000,314.35,300.0,314.0,314.7,150.0
2025-10-01,09:23:17.000,315.77,525.0,315.55,316.0,225.0
2025-10-01,09:23:18.000,315.77,525.0,315.55,316.0,225.0
2025-10-01,09:23:19.000,315.45,150.0,315.05,315.85,150.0
2025-10-01,09:23:20.000,315.5,375.0,315.15,315.85,225.0
2025-10-01,09:23:21.000,315.5,375.0,315.15,315.85,225.0
2025-10-01,09:23:22.000,314.62,150.0,314.25,315.0,225.0
2025-10-01,09:23:23.000,314.62,150.0,314.25,315.0,225.0
2025-10-01,09:23:24.000,314.73,75.0,314.35,315.1,225.0
2025-10-01,09:23:25.000,314.08,150.0,313.7,314.45,225.0
2025-10-01,09:23:26.000,314.08,150.0,313.7,314.45,225.0
2025-10-01,09:23:27.000,313.38,450.0,313.0,313.75,375.0
2025-10-01,09:23:28.000,313.23,225.0,312.8,313.65,675.0
2025-10-01,09:23:29.000,313.23,225.0,312.8,313.65,675.0
2025-10-01,09:23:30.000,313.1,750.0,312.7,313.5,300.0
2025-10-01,09:23:31.000,313.1,750.0,312.7,313.5,300.0
2025-10-01,09:23:32.000,314.25,225.0,313.85,314.65,375.0
2025-10-01,09:23:33.000,314.12,450.0,313.7,314.55,450.0
2025-10-01,09:23:34.000,314.12,450.0,313.7,314.55,450.0
2025-10-01,09:23:35.000,313.77,525.0,313.45,314.1,225.0
2025-10-01,09:23:36.000,313.77,525.0,313.45,314.1,225.0
2025-10-01,09:23:37.000,312.9,300.0,312.5,313.3,375.0
2025-10-01,09:23:38.000,311.9,150.0,311.55,312.25,150.0
2025-10-01,09:23:39.000,311.9,150.0,311.55,312.25,150.0
2025-10-01,09:23:40.000,312.08,225.0,311.7,312.45,150.0
2025-10-01,09:23:41.000,312.08,225.0,311.7,312.45,150.0
2025-10-01,09:23:42.000,313.15,75.0,312.7,313.6,300.0
2025-10-01,09:23:43.000,313.27,150.0,312.8,313.75,825.0
2025-10-01,09:23:44.000,313.27,150.0,312.8,313.75,825.0
2025-10-01,09:23:45.000,313.2,150.0,312.8,313.6,375.0
2025-10-01,09:23:46.000,313.2,150.0,312.8,313.6,375.0
2025-10-01,09:23:47.000,313.02,450.0,312.65,313.4,225.0
2025-10-01,09:23:48.000,313.05,225.0,312.7,313.4,375.0
2025-10-01,09:23:49.000,313.05,225.0,312.7,313.4,375.0
2025-10-01,09:23:50.000,313.58,600.0,313.2,313.95,300.0
2025-10-01,09:23:51.000,313.58,600.0,313.2,313.95,300.0
2025-10-01,09:23:52.000,314.7,75.0,314.4,315.0,150.0
2025-10-01,09:23:53.000,315.0,150.0,314.65,315.35,150.0
2025-10-01,09:23:54.000,315.0,150.0,314.65,315.35,150.0
2025-10-01,09:23:55.000,316.7,225.0,316.3,317.1,150.0
2025-10-01,09:23:56.000,316.4,375.0,316.0,316.8,225.0
2025-10-01,09:23:57.000,316.4,375.0,316.0,316.8,225.0
2025-10-01,09:23:58.000,316.25,225.0,315.85,316.65,375.0
2025-10-01,09:23:59.000,316.25,225.0,315.85,316.65,375.0
2025-10-01,09:24:00.000,317.0,75.0,316.7,317.3,375.0
2025-10-01,09:24:01.000,316.5,450.0,316.15,316.85,375.0
2025-10-01,09:24:02.000,316.5,450.0,316.15,316.85,375.0
2025-10-01,09:24:03.000,317.38,225.0,317.0,317.75,150.0
2025-10-01,09:24:04.000,317.38,225.0,317.0,317.75,150.0
2025-10-01,09:24:05.000,316.15,525.0,315.7,316.6,225.0
2025-10-01,09:24:06.000,317.55,375.0,317.15,317.95,225.0
2025-10-01,09:24:07.000,317.55,375.0,317.15,317.95,225.0
2025-10-01,09:24:08.000,317.48,75.0,317.1,317.85,225.0
2025-10-01,09:24:09.000,317.48,75.0,317.1,317.85,225.0
2025-10-01,09:24:10.000,316.95,225.0,316.55,317.35,150.0
2025-10-01,09:24:11.000,316.35,450.0,316.0,316.7,150.0
2025-10-01,09:24:12.000,316.35,450.0,316.0,316.7,150.0
2025-10-01,09:24:13.000,316.73,75.0,316.35,317.1,525.0
2025-10-01,09:24:14.000,316.73,75.0,316.35,317.1,525.0
2025-10-01,09:24:15.000,316.7,75.0,316.3,317.1,225.0
2025-10-01,09:24:16.000,316.85,150.0,316.45,317.25,150.0
2025-10-01,09:24:17.000,316.85,150.0,316.45,317.25,150.0
2025-10-01,09:24:18.000,317.25,75.0,316.8,317.7,825.0
2025-10-01,09:24:19.000,317.25,75.0,316.8,317.7,825.0
2025-10-01,09:24:20.000,317.82,75.0,317.65,318.0,150.0
2025-10-01,09:24:21.000,317.82,375.0,317.45,318.2,75.0
2025-10-01,09:24:22.000,317.82,375.0,317.45,318.2,75.0
2025-10-01,09:24:23.000,317.42,150.0,317.0,317.85,450.0
2025-10-01,09:24:24.000,317.42,150.0,317.0,317.85,450.0
2025-10-01,09:24:25.000,317.42,150.0,317.0,317.85,225.0
2025-10-01,09:24:26.000,317.42,150.0,317.0,317.85,225.0
2025-10-01,09:24:27.000,317.98,150.0,317.75,318.2,75.0
2025-10-01,09:24:28.000,318.18,75.0,317.85,318.5,150.0
2025-10-01,09:24:29.000,318.18,75.0,317.85,318.5,150.0
2025-10-01,09:24:30.000,317.92,225.0,317.5,318.35,375.0
2025-10-01,09:24:31.000,317.92,225.0,317.5,318.35,375.0
2025-10-01,09:24:32.000,316.9,75.0,316.55,317.25,375.0
2025-10-01,09:24:33.000,316.6,150.0,316.15,317.05,450.0
2025-10-01,09:24:34.000,316.6,150.0,316.15,317.05,450.0
2025-10-01,09:24:35.000,316.15,300.0,315.75,316.55,600.0
2025-10-01,09:24:36.000,316.15,300.0,315.75,316.55,600.0
2025-10-01,09:24:37.000,315.52,150.0,315.15,315.9,225.0
2025-10-01,09:24:38.000,315.23,150.0,314.75,315.7,525.0
2025-10-01,09:24:39.000,315.23,150.0,314.75,315.7,525.0
2025-10-01,09:24:40.000,315.1,150.0,314.65,315.55,600.0
2025-10-01,09:24:41.000,314.48,375.0,314.05,314.9,225.0
2025-10-01,09:24:42.000,314.48,375.0,314.05,314.9,225.0
2025-10-01,09:24:43.000,316.12,225.0,315.75,316.5,375.0
2025-10-01,09:24:44.000,316.12,225.0,315.75,316.5,375.0
2025-10-01,09:24:45.000,316.05,150.0,315.65,316.45,225.0
2025-10-01,09:24:46.000,316.27,375.0,315.9,316.65,450.0
2025-10-01,09:24:47.000,316.27,375.0,315.9,316.65,450.0
2025-10-01,09:24:48.000,316.02,150.0,315.6,316.45,300.0
2025-10-01,09:24:49.000,316.02,150.0,315.6,316.45,300.0
2025-10-01,09:24:50.000,317.5,75.0,317.35,317.65,150.0
2025-10-01,09:24:51.000,317.7,225.0,317.4,318.0,225.0
2025-10-01,09:24:52.000,317.7,225.0,317.4,318.0,225.0
2025-10-01,09:24:53.000,318.0,75.0,317.75,318.25,225.0
2025-10-01,09:24:54.000,318.0,75.0,317.75,318.25,225.0
2025-10-01,09:24:55.000,319.15,75.0,318.7,319.6,300.0
2025-10-01,09:24:56.000,318.88,225.0,318.5,319.25,225.0
2025-10-01,09:24:57.000,318.88,225.0,318.5,319.25,225.0
2025-10-01,09:24:58.000,318.45,300.0,318.05,318.85,375.0
2025-10-01,09:24:59.000,318.45,300.0,318.05,318.85,375.0
2025-10-01,09:25:00.000,319.23,225.0,318.8,319.65,225.0
2025-10-01,09:25:01.000,319.42,375.0,319.05,319.8,225.0
2025-10-01,09:25:02.000,319.42,375.0,319.05,319.8,225.0
2025-10-01,09:25:03.000,319.27,150.0,318.95,319.6,150.0
2025-10-01,09:25:04.000,319.27,150.0,318.95,319.6,150.0
2025-10-01,09:25:05.000,319.98,300.0,319.6,320.35,150.0
2025-10-01,09:25:06.000,319.32,150.0,319.0,319.65,150.0
2025-10-01,09:25:07.000,319.32,150.0,319.0,319.65,150.0
2025-10-01,09:25:08.000,317.62,75.0,317.2,318.05,525.0
2025-10-01,09:25:09.000,317.62,75.0,317.2,318.05,525.0
2025-10-01,09:25:10.000,318.5,825.0,318.25,318.75,225.0
2025-10-01,09:25:11.000,319.32,150.0,318.95,319.7,150.0
2025-10-01,09:25:12.000,319.32,150.0,318.95,319.7,150.0
2025-10-01,09:25:13.000,319.62,150.0,319.3,319.95,225.0
2025-10-01,09:25:14.000,319.62,150.0,319.3,319.95,225.0
2025-10-01,09:25:15.000,319.88,75.0,319.7,320.05,225.0
2025-10-01,09:25:16.000,321.08,150.0,320.65,321.5,150.0
2025-10-01,09:25:17.000,321.08,150.0,320.65,321.5,150.0
2025-10-01,09:25:18.000,320.7,300.0,320.3,321.1,150.0
2025-10-01,09:25:19.000,320.7,300.0,320.3,321.1,150.0
2025-10-01,09:25:20.000,320.68,150.0,320.3,321.05,375.0
2025-10-01,09:25:21.000,320.65,75.0,320.25,321.05,375.0
2025-10-01,09:25:22.000,320.65,75.0,320.25,321.05,375.0
2025-10-01,09:25:23.000,319.8,225.0,319.4,320.2,525.0
2025-10-01,09:25:24.000,320.55,75.0,320.2,320.9,300.0
2025-10-01,09:25:25.000,320.55,75.0,320.2,320.9,300.0
2025-10-01,09:25:26.000,319.73,525.0,319.35,320.1,375.0
2025-10-01,09:25:27.000,319.73,525.0,319.35,320.1,375.0
2025-10-01,09:25:28.000,319.8,150.0,319.5,320.1,450.0
2025-10-01,09:25:29.000,319.98,450.0,319.8,320.15,300.0
2025-10-01,09:25:30.000,319.98,450.0,319.8,320.15,300.0
2025-10-01,09:25:31.000,319.1,150.0,318.75,319.45,150.0
2025-10-01,09:25:32.000,319.1,150.0,318.75,319.45,150.0
2025-10-01,09:25:33.000,318.9,75.0,318.55,319.25,150.0
2025-10-01,09:25:34.000,319.85,1425.0,319.55,320.15,300.0
2025-10-01,09:25:35.000,319.85,1425.0,319.55,320.15,300.0
2025-10-01,09:25:36.000,319.95,675.0,319.75,320.15,300.0
2025-10-01,09:25:37.000,319.95,675.0,319.75,320.15,300.0
2025-10-01,09:25:38.000,320.3,150.0,319.95,320.65,375.0
2025-10-01,09:25:39.000,321.35,150.0,320.95,321.75,150.0
2025-10-01,09:25:40.000,321.35,150.0,320.95,321.75,150.0
2025-10-01,09:25:41.000,322.02,300.0,321.6,322.45,150.0
2025-10-01,09:25:42.000,322.02,300.0,321.6,322.45,150.0
2025-10-01,09:25:43.000,321.88,150.0,321.75,322.0,300.0
2025-10-01,09:25:44.000,321.1,150.0,320.75,321.45,300.0
2025-10-01,09:25:45.000,321.1,150.0,320.75,321.45,300.0
2025-10-01,09:25:46.000,320.95,375.0,320.55,321.35,150.0
2025-10-01,09:25:47.000,320.95,375.0,320.55,321.35,150.0
2025-10-01,09:25:48.000,321.65,525.0,321.3,322.0,300.0
2025-10-01,09:25:49.000,321.8,150.0,321.6,322.0,150.0
2025-10-01,09:25:50.000,321.8,150.0,321.6,322.0,150.0
2025-10-01,09:25:51.000,321.82,450.0,321.65,322.0,825.0
2025-10-01,09:25:52.000,321.82,450.0,321.65,322.0,825.0
2025-10-01,09:25:53.000,321.23,225.0,320.85,321.6,150.0
2025-10-01,09:25:54.000,321.38,300.0,321.0,321.75,225.0
2025-10-01,09:25:55.000,321.38,300.0,321.0,321.75,225.0
2025-10-01,09:25:56.000,321.15,450.0,320.8,321.5,150.0
2025-10-01,09:25:57.000,321.15,450.0,320.8,321.5,150.0
2025-10-01,09:25:58.000,320.25,75.0,319.9,320.6,300.0
2025-10-01,09:25:59.000,319.73,150.0,319.3,320.15,75.0
2025-10-01,09:26:00.000,319.73,150.0,319.3,320.15,75.0
2025-10-01,09:26:01.000,319.88,225.0,319.5,320.25,300.0
2025-10-01,09:26:02.000,319.88,225.0,319.5,320.25,300.0
2025-10-01,09:26:03.000,319.77,75.0,319.4,320.15,75.0
2025-10-01,09:26:04.000,319.82,225.0,319.5,320.15,525.0
2025-10-01,09:26:05.000,319.82,225.0,319.5,320.15,525.0
2025-10-01,09:26:06.000,318.62,75.0,318.25,319.0,225.0
2025-10-01,09:26:07.000,318.62,75.0,318.25,319.0,225.0
2025-10-01,09:26:08.000,318.15,300.0,317.75,318.55,150.0
2025-10-01,09:26:09.000,318.0,300.0,317.6,318.4,75.0
2025-10-01,09:26:10.000,318.0,300.0,317.6,318.4,75.0
2025-10-01,09:26:11.000,317.75,300.0,317.4,318.1,75.0
2025-10-01,09:26:12.000,317.75,300.0,317.4,318.1,75.0
2025-10-01,09:26:13.000,317.45,525.0,317.05,317.85,375.0
2025-10-01,09:26:14.000,316.2,600.0,315.8,316.6,300.0
2025-10-01,09:26:15.000,316.2,600.0,315.8,316.6,300.0
2025-10-01,09:26:16.000,316.02,375.0,315.65,316.4,75.0
2025-10-01,09:26:17.000,316.02,375.0,315.65,316.4,75.0
2025-10-01,09:26:18.000,316.27,150.0,315.85,316.7,750.0
2025-10-01,09:26:19.000,317.68,450.0,317.3,318.05,75.0
2025-10-01,09:26:20.000,317.68,450.0,317.3,318.05,75.0
2025-10-01,09:26:21.000,318.92,150.0,318.65,319.2,75.0
2025-10-01,09:26:22.000,318.92,150.0,318.65,319.2,75.0
2025-10-01,09:26:23.000,318.88,75.0,318.5,319.25,450.0
2025-10-01,09:26:24.000,318.88,225.0,318.5,319.25,300.0
2025-10-01,09:26:25.000,318.88,225.0,318.5,319.25,300.0
2025-10-01,09:26:26.000,319.55,375.0,319.15,319.95,225.0
2025-10-01,09:26:27.000,319.55,375.0,319.15,319.95,225.0
2025-10-01,09:26:28.000,319.68,150.0,319.3,320.05,225.0
2025-10-01,09:26:29.000,318.92,150.0,318.55,319.3,825.0
2025-10-01,09:26:30.000,318.92,150.0,318.55,319.3,825.0
2025-10-01,09:26:31.000,319.1,75.0,318.7,319.5,225.0
2025-10-01,09:26:32.000,319.1,75.0,318.7,319.5,225.0
2025-10-01,09:26:33.000,319.7,150.0,319.35,320.05,75.0
2025-10-01,09:26:34.000,319.02,75.0,318.7,319.35,150.0
2025-10-01,09:26:35.000,319.02,75.0,318.7,319.35,150.0
2025-10-01,09:26:36.000,319.25,150.0,318.9,319.6,150.0
2025-10-01,09:26:37.000,319.25,150.0,318.9,319.6,150.0
2025-10-01,09:26:38.000,319.82,75.0,319.5,320.15,225.0
2025-10-01,09:26:39.000,319.35,225.0,319.0,319.7,150.0
2025-10-01,09:26:40.000,319.35,225.0,319.0,319.7,150.0
2025-10-01,09:26:41.000,320.18,300.0,319.85,320.5,225.0
2025-10-01,09:26:42.000,320.18,300.0,319.85,320.5,225.0
2025-10-01,09:26:43.000,321.45,300.0,321.1,321.8,75.0
2025-10-01,09:26:44.000,321.23,225.0,320.85,321.6,150.0
2025-10-01,09:26:45.000,321.23,225.0,320.85,321.6,150.0
2025-10-01,09:26:46.000,320.77,375.0,320.45,321.1,75.0
2025-10-01,09:26:47.000,320.77,375.0,320.45,321.1,75.0
2025-10-01,09:26:48.000,320.45,300.0,320.1,320.8,675.0
2025-10-01,09:26:49.000,320.82,150.0,320.45,321.2,75.0
2025-10-01,09:26:50.000,320.82,150.0,320.45,321.2,75.0
2025-10-01,09:26:51.000,321.73,225.0,321.45,322.0,225.0
2025-10-01,09:26:52.000,321.73,225.0,321.45,322.0,225.0
2025-10-01,09:26:53.000,321.23,75.0,320.95,321.5,1050.0
2025-10-01,09:26:54.000,321.38,225.0,321.05,321.7,75.0
2025-10-01,09:26:55.000,321.38,225.0,321.05,321.7,75.0
2025-10-01,09:26:56.000,321.27,600.0,321.1,321.45,75.0
2025-10-01,09:26:57.000,321.27,600.0,321.1,321.45,75.0
2025-10-01,09:26:58.000,321.3,75.0,320.95,321.65,600.0
2025-10-01,09:26:59.000,321.52,75.0,321.15,321.9,525.0
2025-10-01,09:27:00.000,321.52,75.0,321.15,321.9,525.0
2025-10-01,09:27:01.000,321.68,150.0,321.3,322.05,900.0
2025-10-01,09:27:02.000,321.68,150.0,321.3,322.05,900.0
2025-10-01,09:27:03.000,321.73,75.0,321.4,322.05,150.0
2025-10-01,09:27:04.000,321.23,750.0,320.9,321.55,300.0
2025-10-01,09:27:05.000,321.23,750.0,320.9,321.55,300.0
2025-10-01,09:27:06.000,320.42,900.0,320.05,320.8,150.0
2025-10-01,09:27:07.000,320.42,900.0,320.05,320.8,150.0
2025-10-01,09:27:08.000,321.18,375.0,320.8,321.55,75.0
2025-10-01,09:27:09.000,321.0,525.0,320.95,321.05,150.0
2025-10-01,09:27:10.000,321.0,525.0,320.95,321.05,150.0
2025-10-01,09:27:11.000,321.82,150.0,321.45,322.2,375.0
2025-10-01,09:27:12.000,321.82,150.0,321.45,322.2,375.0
2025-10-01,09:27:13.000,321.92,150.0,321.55,322.3,750.0
2025-10-01,09:27:14.000,321.38,150.0,321.0,321.75,1050.0
2025-10-01,09:27:15.000,321.38,150.0,321.0,321.75,1050.0
2025-10-01,09:27:16.000,321.82,225.0,321.45,322.2,450.0
2025-10-01,09:27:17.000,321.82,225.0,321.45,322.2,450.0
2025-10-01,09:27:18.000,321.85,225.0,321.45,322.25,150.0
2025-10-01,09:27:19.000,320.9,150.0,320.55,321.25,75.0
2025-10-01,09:27:20.000,320.9,150.0,320.55,321.25,75.0
2025-10-01,09:27:21.000,321.35,150.0,320.95,321.75,375.0
2025-10-01,09:27:22.000,321.35,150.0,320.95,321.75,375.0
2025-10-01,09:27:23.000,320.95,450.0,320.55,321.35,150.0
2025-10-01,09:27:24.000,320.73,450.0,320.35,321.1,150.0
2025-10-01,09:27:25.000,320.73,450.0,320.35,321.1,150.0
2025-10-01,09:27:26.000,320.12,525.0,319.75,320.5,150.0
2025-10-01,09:27:27.000,320.12,525.0,319.75,320.5,150.0
2025-10-01,09:27:28.000,321.35,225.0,320.95,321.75,375.0
2025-10-01,09:27:29.000,321.68,150.0,321.35,322.0,150.0
2025-10-01,09:27:30.000,321.68,150.0,321.35,322.0,150.0
2025-10-01,09:27:31.000,323.5,225.0,323.05,323.95,75.0
2025-10-01,09:27:32.000,323.5,225.0,323.05,323.95,75.0
2025-10-01,09:27:33.000,322.82,450.0,322.45,323.2,75.0
2025-10-01,09:27:34.000,322.8,300.0,322.4,323.2,525.0
2025-10-01,09:27:35.000,322.8,300.0,322.4,323.2,525.0
2025-10-01,09:27:36.000,322.95,300.0,322.6,323.3,150.0
2025-10-01,09:27:37.000,322.95,300.0,322.6,323.3,150.0
2025-10-01,09:27:38.000,322.42,300.0,322.05,322.8,225.0
2025-10-01,09:27:39.000,322.23,225.0,321.85,322.6,225.0
2025-10-01,09:27:40.000,322.23,225.0,321.85,322.6,225.0
2025-10-01,09:27:41.000,321.8,75.0,321.45,322.15,150.0
2025-10-01,09:27:42.000,321.8,75.0,321.45,322.15,150.0
2025-10-01,09:27:43.000,321.15,450.0,320.75,321.55,225.0
2025-10-01,09:27:44.000,321.68,75.0,321.3,322.05,150.0
2025-10-01,09:27:45.000,321.68,75.0,321.3,322.05,150.0
2025-10-01,09:27:46.000,321.42,225.0,321.05,321.8,375.0
2025-10-01,09:27:47.000,321.77,750.0,321.35,322.2,450.0
2025-10-01,09:27:48.000,321.77,750.0,321.35,322.2,450.0
2025-10-01,09:27:49.000,321.85,75.0,321.5,322.2,75.0
2025-10-01,09:27:50.000,321.85,75.0,321.5,322.2,75.0
2025-10-01,09:27:51.000,321.9,150.0,321.55,322.25,450.0
2025-10-01,09:27:52.000,321.65,150.0,321.3,322.0,225.0
2025-10-01,09:27:53.000,321.65,150.0,321.3,322.0,225.0
2025-10-01,09:27:54.000,321.23,300.0,320.85,321.6,300.0
2025-10-01,09:27:55.000,321.23,300.0,320.85,321.6,300.0
2025-10-01,09:27:56.000,321.27,300.0,321.0,321.55,75.0
2025-10-01,09:27:57.000,320.8,300.0,320.4,321.2,300.0
2025-10-01,09:27:58.000,320.8,300.0,320.4,321.2,300.0
2025-10-01,09:27:59.000,320.92,225.0,320.55,321.3,375.0
2025-10-01,09:28:00.000,320.92,225.0,320.55,321.3,375.0
2025-10-01,09:28:01.000,321.7,225.0,321.45,321.95,225.0
2025-10-01,09:28:02.000,321.77,150.0,321.6,321.95,150.0
2025-10-01,09:28:03.000,321.77,150.0,321.6,321.95,150.0
2025-10-01,09:28:04.000,322.1,150.0,321.75,322.45,150.0
2025-10-01,09:28:05.000,322.1,150.0,321.75,322.45,150.0
2025-10-01,09:28:06.000,321.68,600.0,321.35,322.0,225.0
2025-10-01,09:28:07.000,322.92,150.0,322.55,323.3,225.0
2025-10-01,09:28:08.000,322.92,150.0,322.55,323.3,225.0
2025-10-01,09:28:09.000,322.32,150.0,321.95,322.7,150.0
2025-10-01,09:28:10.000,322.32,150.0,321.95,322.7,150.0
2025-10-01,09:28:11.000,322.82,375.0,322.45,323.2,225.0
2025-10-01,09:28:12.000,323.0,150.0,322.65,323.35,600.0
2025-10-01,09:28:13.000,323.0,150.0,322.65,323.35,600.0
2025-10-01,09:28:14.000,323.05,225.0,322.75,323.35,225.0
2025-10-01,09:28:15.000,323.05,225.0,322.75,323.35,225.0
2025-10-01,09:28:16.000,322.23,225.0,321.8,322.65,225.0
2025-10-01,09:28:17.000,323.05,450.0,322.75,323.35,150.0
2025-10-01,09:28:18.000,323.05,450.0,322.75,323.35,150.0
2025-10-01,09:28:19.000,322.32,150.0,321.9,322.75,450.0
2025-10-01,09:28:20.000,322.32,150.0,321.9,322.75,450.0
2025-10-01,09:28:21.000,321.85,600.0,321.45,322.25,150.0
2025-10-01,09:28:22.000,322.62,75.0,322.2,323.05,150.0
2025-10-01,09:28:23.000,322.62,75.0,322.2,323.05,150.0
2025-10-01,09:28:24.000,323.05,450.0,322.75,323.35,225.0
2025-10-01,09:28:25.000,323.05,450.0,322.75,323.35,225.0
2025-10-01,09:28:26.000,323.58,300.0,323.2,323.95,1050.0
2025-10-01,09:28:27.000,323.67,525.0,323.4,323.95,225.0
2025-10-01,09:28:28.000,323.67,525.0,323.4,323.95,225.0
2025-10-01,09:28:29.000,324.2,75.0,324.0,324.4,225.0
2025-10-01,09:28:30.000,324.2,75.0,324.0,324.4,225.0
2025-10-01,09:28:31.000,324.62,375.0,324.25,325.0,75.0
2025-10-01,09:28:32.000,324.27,150.0,323.8,324.75,375.0
2025-10-01,09:28:33.000,324.27,150.0,323.8,324.75,375.0
2025-10-01,09:28:34.000,324.48,225.0,324.1,324.85,150.0
2025-10-01,09:28:35.000,324.48,225.0,324.1,324.85,150.0
2025-10-01,09:28:36.000,324.65,300.0,324.3,325.0,225.0
2025-10-01,09:28:37.000,324.68,150.0,324.35,325.0,225.0
2025-10-01,09:28:38.000,324.68,150.0,324.35,325.0,225.0
2025-10-01,09:28:39.000,324.38,75.0,324.0,324.75,150.0
2025-10-01,09:28:40.000,324.38,75.0,324.0,324.75,150.0
2025-10-01,09:28:41.000,324.4,75.0,324.05,324.75,375.0
2025-10-01,09:28:42.000,324.02,300.0,323.65,324.4,750.0
2025-10-01,09:28:43.000,324.02,300.0,323.65,324.4,750.0
2025-10-01,09:28:44.000,324.3,75.0,323.9,324.7,225.0
2025-10-01,09:28:45.000,324.3,75.0,323.9,324.7,225.0
2025-10-01,09:28:46.000,324.48,75.0,324.1,324.85,225.0
2025-10-01,09:28:47.000,324.62,450.0,324.25,325.0,375.0
2025-10-01,09:28:48.000,324.62,450.0,324.25,325.0,375.0
2025-10-01,09:28:49.000,324.23,825.0,324.0,324.45,525.0
2025-10-01,09:28:50.000,324.23,825.0,324.0,324.45,525.0
2025-10-01,09:28:51.000,324.15,750.0,324.0,324.3,150.0
2025-10-01,09:28:52.000,323.32,450.0,322.95,323.7,225.0
2025-10-01,09:28:53.000,323.32,450.0,322.95,323.7,225.0
2025-10-01,09:28:54.000,323.77,300.0,323.4,324.15,375.0
2025-10-01,09:28:55.000,323.77,300.0,323.4,324.15,375.0
2025-10-01,09:28:56.000,324.38,525.0,324.0,324.75,300.0
2025-10-01,09:28:57.000,323.52,300.0,323.15,323.9,225.0
2025-10-01,09:28:58.000,323.52,300.0,323.15,323.9,225.0
2025-10-01,09:28:59.000,323.85,75.0,323.45,324.25,525.0
2025-10-01,09:29:00.000,323.85,75.0,323.45,324.25,525.0
2025-10-01,09:29:01.000,324.1,75.0,323.7,324.5,450.0
2025-10-01,09:29:02.000,323.12,450.0,322.8,323.45,75.0
2025-10-01,09:29:03.000,323.12,450.0,322.8,323.45,75.0
2025-10-01,09:29:04.000,323.5,75.0,323.2,323.8,150.0
2025-10-01,09:29:05.000,323.5,75.0,323.2,323.8,150.0
2025-10-01,09:29:06.000,323.58,600.0,323.2,323.95,75.0
2025-10-01,09:29:07.000,323.18,375.0,322.8,323.55,75.0
2025-10-01,09:29:08.000,323.18,375.0,322.8,323.55,75.0
2025-10-01,09:29:09.000,323.77,150.0,323.4,324.15,75.0
2025-10-01,09:29:10.000,323.77,150.0,323.4,324.15,75.0
2025-10-01,09:29:11.000,322.5,225.0,322.1,322.9,75.0
2025-10-01,09:29:12.000,323.18,75.0,322.8,323.55,150.0
2025-10-01,09:29:13.000,323.18,75.0,322.8,323.55,150.0
2025-10-01,09:29:14.000,323.12,450.0,322.7,323.55,225.0
2025-10-01,09:29:15.000,323.12,450.0,322.7,323.55,225.0
2025-10-01,09:29:16.000,322.95,300.0,322.55,323.35,225.0
2025-10-01,09:29:17.000,322.08,375.0,321.65,322.5,300.0
2025-10-01,09:29:18.000,322.08,375.0,321.65,322.5,300.0
2025-10-01,09:29:19.000,322.38,375.0,322.0,322.75,225.0
2025-10-01,09:29:20.000,322.38,375.0,322.0,322.75,225.0
2025-10-01,09:29:21.000,322.58,75.0,322.2,322.95,150.0
2025-10-01,09:29:22.000,324.5,225.0,324.05,324.95,150.0
2025-10-01,09:29:23.000,324.5,225.0,324.05,324.95,150.0
2025-10-01,09:29:24.000,324.1,600.0,323.7,324.5,300.0
2025-10-01,09:29:25.000,324.1,600.0,323.7,324.5,300.0
2025-10-01,09:29:26.000,324.65,150.0,324.25,325.05,525.0
2025-10-01,09:29:27.000,324.98,375.0,324.5,325.45,450.0
2025-10-01,09:29:28.000,324.98,375.0,324.5,325.45,450.0
2025-10-01,09:29:29.000,324.42,675.0,323.95,324.9,75.0
2025-10-01,09:29:30.000,324.42,675.0,323.95,324.9,75.0
2025-10-01,09:29:31.000,324.82,825.0,324.4,325.25,375.0
2025-10-01,09:29:32.000,324.52,300.0,324.1,324.95,450.0
2025-10-01,09:29:33.000,324.52,300.0,324.1,324.95,450.0
2025-10-01,09:29:34.000,324.6,150.0,324.2,325.0,300.0
2025-10-01,09:29:35.000,324.6,150.0,324.2,325.0,300.0
2025-10-01,09:29:36.000,324.52,300.0,324.1,324.95,150.0
2025-10-01,09:29:37.000,324.62,900.0,324.2,325.05,225.0
2025-10-01,09:29:38.000,324.62,900.0,324.2,325.05,225.0
2025-10-01,09:29:39.000,325.32,750.0,324.95,325.7,150.0
2025-10-01,09:29:40.000,325.32,750.0,324.95,325.7,150.0
2025-10-01,09:29:41.000,326.27,225.0,325.85,326.7,600.0
2025-10-01,09:29:42.000,325.08,150.0,324.7,325.45,225.0
2025-10-01,09:29:43.000,325.08,150.0,324.7,325.45,225.0
2025-10-01,09:29:44.000,325.3,450.0,324.85,325.75,375.0
2025-10-01,09:29:45.000,325.3,450.0,324.85,325.75,375.0
2025-10-01,09:29:46.000,325.1,375.0,324.75,325.45,300.0
2025-10-01,09:29:47.000,324.95,375.0,324.55,325.35,225.0
2025-10-01,09:29:48.000,324.95,375.0,324.55,325.35,225.0
2025-10-01,09:29:49.000,324.27,150.0,323.8,324.75,150.0
2025-10-01,09:29:50.000,324.27,150.0,323.8,324.75,150.0
2025-10-01,09:29:51.000,323.75,225.0,323.3,324.2,375.0
2025-10-01,09:29:52.000,324.23,75.0,323.8,324.65,750.0
2025-10-01,09:29:53.000,324.23,75.0,323.8,324.65,750.0
2025-10-01,09:29:54.000,325.08,225.0,324.6,325.55,375.0
2025-10-01,09:29:55.000,325.08,225.0,324.6,325.55,375.0
2025-10-01,09:29:56.000,325.15,75.0,324.7,325.6,1275.0
2025-10-01,09:29:57.000,325.5,825.0,325.05,325.95,225.0
2025-10-01,09:29:58.000,325.5,825.0,325.05,325.95,225.0
2025-10-01,09:29:59.000,325.38,75.0,325.0,325.75,300.0
2025-10-01,09:30:00.000,325.38,75.0,325.0,325.75,300.0
2025-10-01,09:30:01.000,324.3,75.0,324.0,324.6,75.0
2025-10-01,09:30:02.000,325.52,150.0,325.05,326.0,300.0
2025-10-01,09:30:03.000,325.52,150.0,325.05,326.0,300.0
2025-10-01,09:30:04.000,325.6,225.0,325.25,325.95,375.0
2025-10-01,09:30:05.000,325.6,225.0,325.25,325.95,375.0
2025-10-01,09:30:06.000,325.6,75.0,325.3,325.9,225.0
2025-10-01,09:30:07.000,325.68,225.0,325.5,325.85,150.0
2025-10-01,09:30:08.000,325.68,225.0,325.5,325.85,150.0
2025-10-01,09:30:09.000,325.75,225.0,325.4,326.1,75.0
2025-10-01,09:30:10.000,325.75,225.0,325.4,326.1,75.0
2025-10-01,09:30:11.000,325.23,225.0,325.05,325.4,1125.0
2025-10-01,09:30:12.000,324.8,150.0,324.4,325.2,75.0
2025-10-01,09:30:13.000,324.8,150.0,324.4,325.2,75.0
2025-10-01,09:30:14.000,323.95,300.0,323.65,324.25,150.0
2025-10-01,09:30:15.000,323.95,300.0,323.65,324.25,150.0
2025-10-01,09:30:16.000,323.9,150.0,323.6,324.2,300.0
2025-10-01,09:30:17.000,324.08,825.0,323.65,324.5,150.0
2025-10-01,09:30:18.000,324.08,825.0,323.65,324.5,150.0
2025-10-01,09:30:19.000,323.58,300.0,323.15,324.0,375.0
2025-10-01,09:30:20.000,323.58,300.0,323.15,324.0,375.0
2025-10-01,09:30:21.000,324.08,150.0,323.7,324.45,600.0
2025-10-01,09:30:22.000,323.65,450.0,323.3,324.0,150.0
2025-10-01,09:30:23.000,323.65,450.0,323.3,324.0,150.0
2025-10-01,09:30:24.000,323.1,150.0,322.7,323.5,150.0
2025-10-01,09:30:25.000,323.1,150.0,322.7,323.5,150.0
2025-10-01,09:30:26.000,323.2,600.0,322.95,323.45,225.0
2025-10-01,09:30:27.000,322.6,300.0,322.2,323.0,150.0
2025-10-01,09:30:28.000,322.6,300.0,322.2,323.0,150.0
2025-10-01,09:30:29.000,322.27,225.0,321.9,322.65,300.0
2025-10-01,09:30:30.000,322.27,225.0,321.9,322.65,300.0
2025-10-01,09:30:31.000,322.88,525.0,322.45,323.3,375.0
2025-10-01,09:30:32.000,322.8,600.0,322.4,323.2,225.0
2025-10-01,09:30:33.000,322.8,600.0,322.4,323.2,225.0
2025-10-01,09:30:34.000,323.62,225.0,323.25,324.0,150.0
2025-10-01,09:30:35.000,323.62,225.0,323.25,324.0,150.0
2025-10-01,09:30:36.000,324.05,675.0,323.6,324.5,225.0
2025-10-01,09:30:37.000,324.08,75.0,323.7,324.45,375.0
2025-10-01,09:30:38.000,324.08,75.0,323.7,324.45,375.0
2025-10-01,09:30:39.000,324.1,225.0,323.75,324.45,300.0
2025-10-01,09:30:40.000,324.1,225.0,323.75,324.45,300.0
2025-10-01,09:30:41.000,325.18,150.0,324.85,325.5,75.0
2025-10-01,09:30:42.000,326.25,150.0,325.85,326.65,150.0
2025-10-01,09:30:43.000,326.25,150.0,325.85,326.65,150.0
2025-10-01,09:30:44.000,325.52,225.0,325.1,325.95,600.0
2025-10-01,09:30:45.000,325.92,75.0,325.5,326.35,150.0
2025-10-01,09:30:46.000,325.92,75.0,325.5,326.35,150.0
2025-10-01,09:30:47.000,326.55,225.0,326.25,326.85,150.0
2025-10-01,09:30:48.000,326.55,225.0,326.25,326.85,150.0
2025-10-01,09:30:49.000,327.23,225.0,326.95,327.5,150.0
2025-10-01,09:30:50.000,327.23,225.0,326.95,327.5,150.0
2025-10-01,09:30:51.000,326.62,150.0,326.2,327.05,600.0
2025-10-01,09:30:52.000,326.23,525.0,325.75,326.7,225.0
2025-10-01,09:30:53.000,326.23,525.0,325.75,326.7,225.0
2025-10-01,09:30:54.000,326.55,225.0,326.15,326.95,300.0
2025-10-01,09:30:55.000,326.55,225.0,326.15,326.95,300.0
2025-10-01,09:30:56.000,327.05,225.0,326.65,327.45,675.0
2025-10-01,09:30:57.000,326.42,75.0,326.25,326.6,375.0
2025-10-01,09:30:58.000,326.42,75.0,326.25,326.6,375.0
2025-10-01,09:30:59.000,326.77,75.0,326.4,327.15,150.0
2025-10-01,09:31:00.000,326.77,75.0,326.4,327.15,150.0
2025-10-01,09:31:01.000,326.52,75.0,326.25,326.8,375.0
2025-10-01,09:31:02.000,326.62,300.0,326.3,326.95,225.0
2025-10-01,09:31:03.000,326.62,300.0,326.3,326.95,225.0
2025-10-01,09:31:04.000,326.98,375.0,326.55,327.4,150.0
2025-10-01,09:31:05.000,326.98,375.0,326.55,327.4,150.0
2025-10-01,09:31:06.000,327.23,525.0,326.95,327.5,75.0
2025-10-01,09:31:07.000,326.65,600.0,326.25,327.05,225.0
2025-10-01,09:31:08.000,326.65,600.0,326.25,327.05,225.0
2025-10-01,09:31:09.000,326.35,75.0,326.2,326.5,150.0
2025-10-01,09:31:10.000,326.35,75.0,326.2,326.5,150.0
2025-10-01,09:31:11.000,325.8,300.0,325.45,326.15,150.0
2025-10-01,09:31:12.000,325.77,300.0,325.4,326.15,75.0
2025-10-01,09:31:13.000,325.77,300.0,325.4,326.15,75.0
2025-10-01,09:31:14.000,326.98,150.0,326.55,327.4,225.0
2025-10-01,09:31:15.000,326.98,150.0,326.55,327.4,225.0
2025-10-01,09:31:16.000,326.88,150.0,326.5,327.25,225.0
2025-10-01,09:31:17.000,325.92,75.0,325.5,326.35,300.0
2025-10-01,09:31:18.000,325.92,75.0,325.5,326.35,300.0
2025-10-01,09:31:19.000,326.45,300.0,326.05,326.85,300.0
2025-10-01,09:31:20.000,326.45,300.0,326.05,326.85,300.0
2025-10-01,09:31:21.000,326.35,900.0,325.95,326.75,225.0
2025-10-01,09:31:22.000,326.35,75.0,325.95,326.75,150.0
2025-10-01,09:31:23.000,326.35,75.0,325.95,326.75,150.0
2025-10-01,09:31:24.000,326.35,75.0,326.0,326.7,75.0
2025-10-01,09:31:25.000,326.35,75.0,326.0,326.7,75.0
2025-10-01,09:31:26.000,326.52,75.0,326.15,326.9,75.0
2025-10-01,09:31:27.000,325.58,300.0,325.15,326.0,375.0
2025-10-01,09:31:28.000,325.58,300.0,325.15,326.0,375.0
2025-10-01,09:31:29.000,325.3,150.0,325.05,325.55,75.0
2025-10-01,09:31:30.000,325.3,150.0,325.05,325.55,75.0
2025-10-01,09:31:31.000,325.27,150.0,325.05,325.5,300.0
2025-10-01,09:31:32.000,324.92,75.0,324.55,325.3,225.0
2025-10-01,09:31:33.000,324.92,75.0,324.55,325.3,225.0
2025-10-01,09:31:34.000,325.88,225.0,325.5,326.25,375.0
2025-10-01,09:31:35.000,325.88,225.0,325.5,326.25,375.0
2025-10-01,09:31:36.000,325.1,225.0,324.75,325.45,150.0
2025-10-01,09:31:37.000,326.35,150.0,325.95,326.75,150.0
2025-10-01,09:31:38.000,326.35,150.0,325.95,326.75,150.0
2025-10-01,09:31:39.000,326.25,375.0,325.8,326.7,525.0
2025-10-01,09:31:40.000,326.25,375.0,325.8,326.7,525.0
2025-10-01,09:31:41.000,326.35,150.0,325.95,326.75,375.0
2025-10-01,09:31:42.000,326.68,150.0,326.35,327.0,150.0
2025-10-01,09:31:43.000,326.68,150.0,326.35,327.0,150.0
2025-10-01,09:31:44.000,326.75,225.0,326.35,327.15,225.0
2025-10-01,09:31:45.000,326.62,525.0,326.25,327.0,300.0
2025-10-01,09:31:46.000,326.62,525.0,326.25,327.0,300.0
2025-10-01,09:31:47.000,325.6,225.0,325.2,326.0,75.0
2025-10-01,09:31:48.000,325.6,225.0,325.2,326.0,75.0
2025-10-01,09:31:49.000,325.58,300.0,325.2,325.95,150.0
2025-10-01,09:31:50.000,325.92,150.0,325.55,326.3,75.0
2025-10-01,09:31:51.000,325.92,150.0,325.55,326.3,75.0
2025-10-01,09:31:52.000,325.7,300.0,325.45,325.95,150.0
2025-10-01,09:31:53.000,325.7,300.0,325.45,325.95,150.0
2025-10-01,09:31:54.000,325.88,375.0,325.5,326.25,150.0
2025-10-01,09:31:55.000,325.42,600.0,325.0,325.85,150.0
2025-10-01,09:31:56.000,325.42,600.0,325.0,325.85,150.0
2025-10-01,09:31:57.000,324.4,225.0,324.0,324.8,300.0
2025-10-01,09:31:58.000,324.4,225.0,324.0,324.8,300.0
2025-10-01,09:31:59.000,323.27,150.0,323.0,323.55,150.0
2025-10-01,09:32:00.000,323.35,675.0,323.1,323.6,150.0
2025-10-01,09:32:01.000,323.35,675.0,323.1,323.6,150.0
2025-10-01,09:32:02.000,323.68,225.0,323.3,324.05,150.0
2025-10-01,09:32:03.000,323.68,225.0,323.3,324.05,150.0
2025-10-01,09:32:04.000,324.2,450.0,323.75,324.65,450.0
2025-10-01,09:32:05.000,324.62,150.0,324.25,325.0,525.0
2025-10-01,09:32:06.000,324.62,150.0,324.25,325.0,525.0
2025-10-01,09:32:07.000,324.18,75.0,323.8,324.55,1200.0
2025-10-01,09:32:08.000,324.18,75.0,323.8,324.55,1200.0
2025-10-01,09:32:09.000,324.18,150.0,323.85,324.5,150.0
2025-10-01,09:32:10.000,323.82,1050.0,323.45,324.2,150.0
2025-10-01,09:32:11.000,323.82,1050.0,323.45,324.2,150.0
2025-10-01,09:32:12.000,324.05,75.0,323.65,324.45,300.0
2025-10-01,09:32:13.000,324.05,75.0,323.65,324.45,300.0
2025-10-01,09:32:14.000,324.12,600.0,323.7,324.55,600.0
2025-10-01,09:32:15.000,323.85,150.0,323.5,324.2,75.0
2025-10-01,09:32:16.000,323.85,150.0,323.5,324.2,75.0
2025-10-01,09:32:17.000,323.77,600.0,323.45,324.1,375.0
2025-10-01,09:32:18.000,323.77,600.0,323.45,324.1,375.0
2025-10-01,09:32:19.000,323.65,675.0,323.45,323.85,300.0
2025-10-01,09:32:20.000,324.18,75.0,323.8,324.55,300.0
2025-10-01,09:32:21.000,324.18,75.0,323.8,324.55,300.0
2025-10-01,09:32:22.000,324.12,150.0,324.05,324.2,375.0
2025-10-01,09:32:23.000,324.12,150.0,324.05,324.2,375.0
2025-10-01,09:32:24.000,323.73,150.0,323.65,323.8,900.0
2025-10-01,09:32:25.000,323.67,675.0,323.45,323.9,225.0
2025-10-01,09:32:26.000,323.67,675.0,323.45,323.9,225.0
2025-10-01,09:32:27.000,323.38,225.0,323.05,323.7,75.0
2025-10-01,09:32:28.000,323.38,225.0,323.05,323.7,75.0
2025-10-01,09:32:29.000,323.48,225.0,323.1,323.85,300.0
2025-10-01,09:32:30.000,323.55,150.0,323.15,323.95,300.0
2025-10-01,09:32:31.000,323.55,150.0,323.15,323.95,300.0
2025-10-01,09:32:32.000,323.75,150.0,323.35,324.15,300.0
2025-10-01,09:32:33.000,323.75,150.0,323.35,324.15,300.0
2025-10-01,09:32:34.000,324.32,150.0,323.95,324.7,300.0
2025-10-01,09:32:35.000,324.27,150.0,323.85,324.7,675.0
2025-10-01,09:32:36.000,324.27,150.0,323.85,324.7,675.0
2025-10-01,09:32:37.000,323.73,1050.0,323.45,324.0,300.0
2025-10-01,09:32:38.000,323.73,1050.0,323.45,324.0,300.0
2025-10-01,09:32:39.000,323.35,225.0,323.0,323.7,300.0
2025-10-01,09:32:40.000,323.4,225.0,323.05,323.75,600.0
2025-10-01,09:32:41.000,323.4,225.0,323.05,323.75,600.0
2025-10-01,09:32:42.000,323.48,600.0,323.05,323.9,75.0
2025-10-01,09:32:43.000,323.48,600.0,323.05,323.9,75.0
2025-10-01,09:32:44.000,323.55,225.0,323.15,323.95,375.0
2025-10-01,09:32:45.000,323.88,300.0,323.5,324.25,150.0
2025-10-01,09:32:46.000,323.88,300.0,323.5,324.25,150.0
2025-10-01,09:32:47.000,323.9,75.0,323.6,324.2,525.0
2025-10-01,09:32:48.000,323.9,75.0,323.6,324.2,525.0
2025-10-01,09:32:49.000,323.33,225.0,323.05,323.6,150.0
2025-10-01,09:32:50.000,323.73,375.0,323.35,324.1,225.0
2025-10-01,09:32:51.000,323.73,375.0,323.35,324.1,225.0
2025-10-01,09:32:52.000,322.73,750.0,322.5,322.95,225.0
2025-10-01,09:32:53.000,322.73,750.0,322.5,322.95,225.0
2025-10-01,09:32:54.000,322.42,300.0,322.05,322.8,150.0
2025-10-01,09:32:55.000,322.42,300.0,322.05,322.8,150.0
2025-10-01,09:32:56.000,322.38,375.0,322.0,322.75,150.0
2025-10-01,09:32:57.000,322.85,150.0,322.45,323.25,750.0
2025-10-01,09:32:58.000,322.85,150.0,322.45,323.25,750.0
2025-10-01,09:32:59.000,323.4,75.0,323.05,323.75,150.0
2025-10-01,09:33:00.000,323.4,75.0,323.05,323.75,150.0
2025-10-01,09:33:01.000,324.3,75.0,323.9,324.7,675.0
2025-10-01,09:33:02.000,324.82,600.0,324.4,325.25,150.0
2025-10-01,09:33:03.000,324.82,600.0,324.4,325.25,150.0
2025-10-01,09:33:04.000,324.58,675.0,324.15,325.0,375.0
2025-10-01,09:33:05.000,324.58,675.0,324.15,325.0,375.0
2025-10-01,09:33:06.000,324.9,75.0,324.55,325.25,150.0
2025-10-01,09:33:07.000,325.5,375.0,325.1,325.9,375.0
2025-10-01,09:33:08.000,325.5,375.0,325.1,325.9,375.0
2025-10-01,09:33:09.000,325.18,75.0,324.8,325.55,375.0
2025-10-01,09:33:10.000,326.27,300.0,325.85,326.7,375.0
2025-10-01,09:33:11.000,326.27,300.0,325.85,326.7,375.0
2025-10-01,09:33:12.000,325.45,300.0,325.05,325.85,150.0
2025-10-01,09:33:13.000,325.45,300.0,325.05,325.85,150.0
2025-10-01,09:33:14.000,325.3,375.0,324.9,325.7,75.0
2025-10-01,09:33:15.000,326.65,225.0,326.2,327.1,75.0
2025-10-01,09:33:16.000,326.65,225.0,326.2,327.1,75.0
2025-10-01,09:33:17.000,326.02,225.0,325.8,326.25,75.0
2025-10-01,09:33:18.000,326.02,225.0,325.8,326.25,75.0
2025-10-01,09:33:19.000,326.1,225.0,325.8,326.4,75.0
2025-10-01,09:33:20.000,326.5,375.0,326.25,326.75,375.0
2025-10-01,09:33:21.000,326.5,375.0,326.25,326.75,375.0
2025-10-01,09:33:22.000,326.32,300.0,325.95,326.7,75.0
2025-10-01,09:33:23.000,326.32,300.0,325.95,326.7,75.0
2025-10-01,09:33:24.000,326.62,300.0,326.25,327.0,75.0
2025-10-01,09:33:25.000,326.73,450.0,326.35,327.1,75.0
2025-10-01,09:33:26.000,326.73,450.0,326.35,327.1,75.0
2025-10-01,09:33:27.000,327.6,300.0,327.25,327.95,375.0
2025-10-01,09:33:28.000,327.6,300.0,327.25,327.95,375.0
2025-10-01,09:33:29.000,327.8,300.0,327.6,328.0,9600.0
2025-10-01,09:33:30.000,328.32,1125.0,328.15,328.5,375.0
2025-10-01,09:33:31.000,328.32,1125.0,328.15,328.5,375.0
2025-10-01,09:33:32.000,327.8,150.0,327.6,328.0,150.0
2025-10-01,09:33:33.000,327.8,150.0,327.6,328.0,150.0
2025-10-01,09:33:34.000,327.42,225.0,327.0,327.85,450.0
2025-10-01,09:33:35.000,327.05,375.0,326.75,327.35,150.0
2025-10-01,09:33:36.000,327.05,375.0,326.75,327.35,150.0
2025-10-01,09:33:37.000,327.68,375.0,327.35,328.0,525.0
2025-10-01,09:33:38.000,327.68,375.0,327.35,328.0,525.0
2025-10-01,09:33:39.000,327.15,75.0,326.75,327.55,675.0
2025-10-01,09:33:40.000,326.15,450.0,325.75,326.55,600.0
2025-10-01,09:33:41.000,326.15,450.0,325.75,326.55,600.0
2025-10-01,09:33:42.000,326.3,300.0,325.9,326.7,600.0
2025-10-01,09:33:43.000,326.3,300.0,325.9,326.7,600.0
2025-10-01,09:33:44.000,326.8,375.0,326.45,327.15,75.0
2025-10-01,09:33:45.000,327.35,525.0,327.0,327.7,75.0
2025-10-01,09:33:46.000,327.35,525.0,327.0,327.7,75.0
2025-10-01,09:33:47.000,326.58,300.0,326.2,326.95,300.0
2025-10-01,09:33:48.000,326.58,300.0,326.2,326.95,300.0
2025-10-01,09:33:49.000,326.48,300.0,326.1,326.85,525.0
2025-10-01,09:33:50.000,326.68,300.0,326.3,327.05,675.0
2025-10-01,09:33:51.000,326.68,300.0,326.3,327.05,675.0
2025-10-01,09:33:52.000,326.75,375.0,326.55,326.95,2250.0
2025-10-01,09:33:53.000,326.75,375.0,326.55,326.95,2250.0
2025-10-01,09:33:54.000,327.0,300.0,326.85,327.15,75.0
2025-10-01,09:33:55.000,327.45,525.0,327.05,327.85,75.0
2025-10-01,09:33:56.000,327.45,525.0,327.05,327.85,75.0
2025-10-01,09:33:57.000,327.6,300.0,327.2,328.0,75.0
2025-10-01,09:33:58.000,327.6,300.0,327.2,328.0,75.0
2025-10-01,09:33:59.000,327.23,150.0,326.95,327.5,75.0
2025-10-01,09:34:00.000,327.23,75.0,327.2,327.25,1425.0
2025-10-01,09:34:01.000,327.23,75.0,327.2,327.25,1425.0
2025-10-01,09:34:02.000,327.67,75.0,327.4,327.95,450.0
2025-10-01,09:34:03.000,327.67,75.0,327.4,327.95,450.0
2025-10-01,09:34:04.000,327.9,450.0,327.55,328.25,375.0
2025-10-01,09:34:05.000,327.62,225.0,327.6,327.65,150.0
2025-10-01,09:34:06.000,327.62,225.0,327.6,327.65,150.0
2025-10-01,09:34:07.000,328.0,300.0,327.65,328.35,300.0
2025-10-01,09:34:08.000,328.0,300.0,327.65,328.35,300.0
2025-10-01,09:34:09.000,327.83,225.0,327.55,328.1,75.0
2025-10-01,09:34:10.000,328.0,150.0,327.7,328.3,75.0
2025-10-01,09:34:11.000,328.0,150.0,327.7,328.3,75.0
2025-10-01,09:34:12.000,328.22,150.0,327.95,328.5,75.0
2025-10-01,09:34:13.000,328.22,150.0,327.95,328.5,75.0
2025-10-01,09:34:14.000,328.32,525.0,327.9,328.75,825.0
2025-10-01,09:34:15.000,328.1,750.0,328.0,328.2,150.0
2025-10-01,09:34:16.000,328.1,750.0,328.0,328.2,150.0
2025-10-01,09:34:17.000,328.65,225.0,328.3,329.0,75.0
2025-10-01,09:34:18.000,328.65,225.0,328.3,329.0,75.0
2025-10-01,09:34:19.000,328.38,450.0,327.95,328.8,600.0
2025-10-01,09:34:20.000,329.15,525.0,328.65,329.65,75.0
2025-10-01,09:34:21.000,329.15,525.0,328.65,329.65,75.0
2025-10-01,09:34:22.000,330.52,75.0,330.1,330.95,225.0
2025-10-01,09:34:23.000,330.52,75.0,330.1,330.95,225.0
2025-10-01,09:34:24.000,330.58,150.0,330.3,330.85,375.0
2025-10-01,09:34:25.000,329.65,150.0,329.3,330.0,150.0
2025-10-01,09:34:26.000,329.65,150.0,329.3,330.0,150.0
2025-10-01,09:34:27.000,328.98,375.0,328.55,329.4,450.0
2025-10-01,09:34:28.000,328.98,375.0,328.55,329.4,450.0
2025-10-01,09:34:29.000,328.92,450.0,328.5,329.35,300.0
2025-10-01,09:34:30.000,328.48,75.0,328.3,328.65,75.0
2025-10-01,09:34:31.000,328.48,75.0,328.3,328.65,75.0
2025-10-01,09:34:32.000,328.2,375.0,327.8,328.6,375.0
2025-10-01,09:34:33.000,328.2,375.0,327.8,328.6,375.0
2025-10-01,09:34:34.000,328.55,75.0,328.3,328.8,75.0
2025-10-01,09:34:35.000,329.38,75.0,329.0,329.75,375.0
2025-10-01,09:34:36.000,329.38,75.0,329.0,329.75,375.0
2025-10-01,09:34:37.000,329.1,375.0,328.7,329.5,600.0
2025-10-01,09:34:38.000,329.1,375.0,328.7,329.5,600.0
2025-10-01,09:34:39.000,329.1,375.0,328.7,329.5,675.0
2025-10-01,09:34:40.000,328.92,75.0,328.55,329.3,75.0
2025-10-01,09:34:41.000,328.92,75.0,328.55,329.3,75.0
2025-10-01,09:34:42.000,329.3,75.0,328.9,329.7,450.0
2025-10-01,09:34:43.000,329.3,75.0,328.9,329.7,450.0
2025-10-01,09:34:44.000,329.02,450.0,328.6,329.45,150.0
2025-10-01,09:34:45.000,328.68,150.0,328.3,329.05,600.0
2025-10-01,09:34:46.000,328.68,150.0,328.3,329.05,600.0
2025-10-01,09:34:47.000,328.48,75.0,328.1,328.85,300.0
2025-10-01,09:34:48.000,328.48,75.0,328.1,328.85,300.0
2025-10-01,09:34:49.000,328.3,225.0,328.0,328.6,300.0
2025-10-01,09:34:50.000,328.32,375.0,328.0,328.65,75.0
2025-10-01,09:34:51.000,328.32,375.0,328.0,328.65,75.0
2025-10-01,09:34:52.000,328.25,225.0,328.0,328.5,75.0
2025-10-01,09:34:53.000,328.25,225.0,328.0,328.5,75.0
2025-10-01,09:34:54.000,327.75,75.0,327.45,328.05,75.0
2025-10-01,09:34:55.000,328.25,300.0,327.9,328.6,75.0
2025-10-01,09:34:56.000,328.25,300.0,327.9,328.6,75.0
2025-10-01,09:34:57.000,328.32,300.0,327.9,328.75,900.0
2025-10-01,09:34:58.000,328.42,75.0,328.0,328.85,300.0
2025-10-01,09:34:59.000,328.42,75.0,328.0,328.85,300.0
2025-10-01,09:35:00.000,328.6,525.0,328.2,329.0,150.0
2025-10-01,09:35:01.000,328.6,525.0,328.2,329.0,150.0
2025-10-01,09:35:02.000,329.25,225.0,329.0,329.5,750.0
2025-10-01,09:35:03.000,329.92,300.0,329.5,330.35,300.0
2025-10-01,09:35:04.000,329.92,300.0,329.5,330.35,300.0
2025-10-01,09:35:05.000,330.3,75.0,329.85,330.75,900.0
2025-10-01,09:35:06.000,330.3,75.0,329.85,330.75,900.0
2025-10-01,09:35:07.000,331.02,150.0,330.8,331.25,225.0
2025-10-01,09:35:08.000,330.5,75.0,330.25,330.75,300.0
2025-10-01,09:35:09.000,330.5,75.0,330.25,330.75,300.0
2025-10-01,09:35:10.000,329.92,450.0,329.6,330.25,300.0
2025-10-01,09:35:11.000,329.92,450.0,329.6,330.25,300.0
2025-10-01,09:35:12.000,329.32,300.0,328.95,329.7,300.0
2025-10-01,09:35:13.000,329.32,300.0,328.95,329.7,300.0
2025-10-01,09:35:14.000,329.55,75.0,329.2,329.9,375.0
2025-10-01,09:35:15.000,329.7,75.0,329.3,330.1,750.0
2025-10-01,09:35:16.000,329.7,75.0,329.3,330.1,750.0
2025-10-01,09:35:17.000,329.8,75.0,329.45,330.15,75.0
2025-10-01,09:35:18.000,329.8,75.0,329.45,330.15,75.0
2025-10-01,09:35:19.000,329.38,75.0,329.0,329.75,750.0
2025-10-01,09:35:20.000,329.1,300.0,328.95,329.25,300.0
2025-10-01,09:35:21.000,329.1,300.0,328.95,329.25,300.0
2025-10-01,09:35:22.000,329.08,600.0,328.7,329.45,750.0
2025-10-01,09:35:23.000,329.08,600.0,328.7,329.45,750.0
2025-10-01,09:35:24.000,329.12,225.0,328.75,329.5,75.0
2025-10-01,09:35:25.000,329.12,75.0,328.75,329.5,75.0
2025-10-01,09:35:26.000,329.12,75.0,328.75,329.5,75.0
2025-10-01,09:35:27.000,329.32,300.0,328.9,329.75,675.0
2025-10-01,09:35:28.000,329.8,450.0,329.35,330.25,225.0
2025-10-01,09:35:29.000,329.8,450.0,329.35,330.25,225.0
2025-10-01,09:35:30.000,329.6,150.0,329.5,329.7,525.0
2025-10-01,09:35:31.000,329.6,150.0,329.5,329.7,525.0
2025-10-01,09:35:32.000,329.25,375.0,328.8,329.7,450.0
2025-10-01,09:35:33.000,329.45,375.0,329.0,329.9,450.0
2025-10-01,09:35:34.000,329.45,375.0,329.0,329.9,450.0
2025-10-01,09:35:35.000,329.42,225.0,329.0,329.85,825.0
2025-10-01,09:35:36.000,329.42,225.0,329.0,329.85,825.0
2025-10-01,09:35:37.000,329.08,75.0,328.7,329.45,300.0
2025-10-01,09:35:38.000,329.28,150.0,329.05,329.5,375.0
2025-10-01,09:35:39.000,329.28,150.0,329.05,329.5,375.0
2025-10-01,09:35:40.000,328.85,75.0,328.45,329.25,450.0
2025-10-01,09:35:41.000,328.85,75.0,328.45,329.25,450.0
2025-10-01,09:35:42.000,328.2,75.0,327.75,328.65,75.0
2025-10-01,09:35:43.000,328.4,450.0,328.0,328.8,900.0
2025-10-01,09:35:44.000,328.4,450.0,328.0,328.8,900.0
2025-10-01,09:35:45.000,328.92,375.0,328.5,329.35,525.0
2025-10-01,09:35:46.000,328.92,375.0,328.5,329.35,525.0
2025-10-01,09:35:47.000,329.05,300.0,328.65,329.45,300.0
2025-10-01,09:35:48.000,328.28,300.0,327.95,328.6,150.0
2025-10-01,09:35:49.000,328.28,300.0,327.95,328.6,150.0
2025-10-01,09:35:50.000,328.62,525.0,328.15,329.1,450.0
2025-10-01,09:35:51.000,328.62,525.0,328.15,329.1,450.0
2025-10-01,09:35:52.000,327.6,300.0,327.2,328.0,225.0
2025-10-01,09:35:53.000,326.7,225.0,326.3,327.1,75.0
2025-10-01,09:35:54.000,326.7,225.0,326.3,327.1,75.0
2025-10-01,09:35:55.000,327.0,300.0,326.9,327.1,75.0
2025-10-01,09:35:56.000,327.0,300.0,326.9,327.1,75.0
2025-10-01,09:35:57.000,326.6,525.0,326.2,327.0,300.0
2025-10-01,09:35:58.000,326.38,1275.0,326.0,326.75,75.0
2025-10-01,09:35:59.000,326.38,1275.0,326.0,326.75,75.0
2025-10-01,09:36:00.000,326.27,1125.0,326.0,326.55,75.0
2025-10-01,09:36:01.000,326.27,1125.0,326.0,326.55,75.0
2025-10-01,09:36:02.000,326.32,375.0,326.0,326.65,75.0
2025-10-01,09:36:03.000,327.78,300.0,327.35,328.2,300.0
2025-10-01,09:36:04.000,327.78,300.0,327.35,328.2,300.0
2025-10-01,09:36:05.000,327.68,975.0,327.25,328.1,675.0
2025-10-01,09:36:06.000,327.68,975.0,327.25,328.1,675.0
2025-10-01,09:36:07.000,327.98,675.0,327.6,328.35,75.0
2025-10-01,09:36:08.000,329.05,375.0,328.6,329.5,300.0
2025-10-01,09:36:09.000,329.05,375.0,328.6,329.5,300.0
2025-10-01,09:36:10.000,328.3,300.0,327.9,328.7,300.0
2025-10-01,09:36:11.000,328.3,300.0,327.9,328.7,300.0
2025-10-01,09:36:12.000,330.1,525.0,329.7,330.5,450.0
2025-10-01,09:36:13.000,330.28,300.0,329.85,330.7,225.0
2025-10-01,09:36:14.000,330.28,300.0,329.85,330.7,225.0
2025-10-01,09:36:15.000,330.1,300.0,329.7,330.5,600.0
2025-10-01,09:36:16.000,330.1,300.0,329.7,330.5,600.0
2025-10-01,09:36:17.000,330.25,600.0,329.8,330.7,450.0
2025-10-01,09:36:18.000,330.22,825.0,329.9,330.55,75.0
2025-10-01,09:36:19.000,330.22,825.0,329.9,330.55,75.0
2025-10-01,09:36:20.000,330.12,375.0,329.7,330.55,300.0
2025-10-01,09:36:21.000,330.12,375.0,329.7,330.55,300.0
2025-10-01,09:36:22.000,330.52,375.0,330.1,330.95,300.0
2025-10-01,09:36:23.000,329.33,75.0,328.85,329.8,75.0
2025-10-01,09:36:24.000,329.33,75.0,328.85,329.8,75.0
2025-10-01,09:36:25.000,329.95,300.0,329.55,330.35,525.0
2025-10-01,09:36:26.000,329.95,300.0,329.55,330.35,525.0
2025-10-01,09:36:27.000,329.62,225.0,329.25,330.0,150.0
2025-10-01,09:36:28.000,330.28,75.0,330.05,330.5,300.0
2025-10-01,09:36:29.000,330.28,75.0,330.05,330.5,300.0
2025-10-01,09:36:30.000,330.38,75.0,330.05,330.7,225.0
2025-10-01,09:36:31.000,330.38,75.0,330.05,330.7,225.0
2025-10-01,09:36:32.000,330.0,1125.0,329.6,330.4,300.0
2025-10-01,09:36:33.000,330.4,375.0,330.0,330.8,600.0
2025-10-01,09:36:34.000,330.4,375.0,330.0,330.8,600.0
2025-10-01,09:36:35.000,331.08,300.0,330.65,331.5,600.0
2025-10-01,09:36:36.000,331.08,300.0,330.65,331.5,600.0
2025-10-01,09:36:37.000,330.45,525.0,330.0,330.9,150.0
2025-10-01,09:36:38.000,330.22,150.0,330.0,330.45,450.0
2025-10-01,09:36:39.000,330.22,150.0,330.0,330.45,450.0
2025-10-01,09:36:40.000,330.42,1050.0,330.0,330.85,450.0
2025-10-01,09:36:41.000,330.42,1050.0,330.0,330.85,450.0
2025-10-01,09:36:42.000,330.9,525.0,330.5,331.3,225.0
2025-10-01,09:36:43.000,331.22,525.0,330.75,331.7,525.0
2025-10-01,09:36:44.000,331.22,525.0,330.75,331.7,525.0
2025-10-01,09:36:45.000,331.2,825.0,330.75,331.65,375.0
2025-10-01,09:36:46.000,331.2,825.0,330.75,331.65,375.0
2025-10-01,09:36:47.000,330.78,600.0,330.3,331.25,525.0
2025-10-01,09:36:48.000,330.55,225.0,330.1,331.0,600.0
2025-10-01,09:36:49.000,330.55,225.0,330.1,331.0,600.0
2025-10-01,09:36:50.000,331.0,150.0,330.8,331.2,825.0
2025-10-01,09:36:51.000,331.0,150.0,330.8,331.2,825.0
2025-10-01,09:36:52.000,330.85,150.0,330.8,330.9,525.0
2025-10-01,09:36:53.000,330.95,1050.0,330.5,331.4,375.0
2025-10-01,09:36:54.000,330.95,1050.0,330.5,331.4,375.0
2025-10-01,09:36:55.000,330.55,900.0,330.1,331.0,525.0
2025-10-01,09:36:56.000,330.55,900.0,330.1,331.0,525.0
2025-10-01,09:36:57.000,330.78,675.0,330.35,331.2,675.0
2025-10-01,09:36:58.000,330.95,75.0,330.8,331.1,300.0
2025-10-01,09:36:59.000,330.95,75.0,330.8,331.1,300.0
2025-10-01,09:37:00.000,330.5,675.0,330.0,331.0,1050.0
2025-10-01,09:37:01.000,330.5,675.0,330.0,331.0,1050.0
2025-10-01,09:37:02.000,330.28,225.0,330.0,330.55,75.0
2025-10-01,09:37:03.000,329.48,225.0,329.0,329.95,225.0
2025-10-01,09:37:04.000,329.48,225.0,329.0,329.95,225.0
2025-10-01,09:37:05.000,330.18,675.0,329.75,330.6,300.0
2025-10-01,09:37:06.000,330.18,675.0,329.75,330.6,300.0
2025-10-01,09:37:07.000,330.72,300.0,330.45,331.0,150.0
2025-10-01,09:37:08.000,331.45,525.0,331.0,331.9,375.0
2025-10-01,09:37:09.000,331.45,525.0,331.0,331.9,375.0
2025-10-01,09:37:10.000,331.45,525.0,331.0,331.9,300.0
2025-10-01,09:37:11.000,331.45,525.0,331.0,331.9,300.0
2025-10-01,09:37:12.000,331.18,300.0,330.75,331.6,1050.0
2025-10-01,09:37:13.000,330.98,300.0,330.55,331.4,600.0
2025-10-01,09:37:14.000,330.98,300.0,330.55,331.4,600.0
2025-10-01,09:37:15.000,331.0,600.0,330.6,331.4,75.0
2025-10-01,09:37:16.000,331.0,600.0,330.6,331.4,75.0
2025-10-01,09:37:17.000,330.38,150.0,330.0,330.75,75.0
2025-10-01,09:37:18.000,330.65,600.0,330.25,331.05,300.0
2025-10-01,09:37:19.000,330.65,600.0,330.25,331.05,300.0
2025-10-01,09:37:20.000,330.48,300.0,330.05,330.9,600.0
2025-10-01,09:37:21.000,330.48,300.0,330.05,330.9,600.0
2025-10-01,09:37:22.000,330.6,225.0,330.25,330.95,75.0
2025-10-01,09:37:23.000,330.62,300.0,330.25,331.0,300.0
2025-10-01,09:37:24.000,330.62,300.0,330.25,331.0,300.0
2025-10-01,09:37:25.000,330.48,675.0,330.05,330.9,150.0
2025-10-01,09:37:26.000,330.48,675.0,330.05,330.9,150.0
2025-10-01,09:37:27.000,331.2,75.0,330.8,331.6,750.0
2025-10-01,09:37:28.000,331.15,300.0,330.75,331.55,525.0
2025-10-01,09:37:29.000,331.15,300.0,330.75,331.55,525.0
2025-10-01,09:37:30.000,330.95,450.0,330.5,331.4,150.0
2025-10-01,09:37:31.000,330.95,450.0,330.5,331.4,150.0
2025-10-01,09:37:32.000,331.25,525.0,330.8,331.7,825.0
2025-10-01,09:37:33.000,330.98,600.0,330.55,331.4,375.0
2025-10-01,09:37:34.000,330.98,600.0,330.55,331.4,375.0
2025-10-01,09:37:35.000,331.18,375.0,331.0,331.35,150.0
2025-10-01,09:37:36.000,331.18,375.0,331.0,331.35,150.0
2025-10-01,09:37:37.000,330.72,225.0,330.35,331.1,75.0
2025-10-01,09:37:38.000,330.98,450.0,330.6,331.35,75.0
2025-10-01,09:37:39.000,330.98,450.0,330.6,331.35,75.0
2025-10-01,09:37:40.000,330.62,300.0,330.25,331.0,525.0
2025-10-01,09:37:41.000,330.62,300.0,330.25,331.0,525.0
2025-10-01,09:37:42.000,330.45,300.0,330.1,330.8,75.0
2025-10-01,09:37:43.000,331.15,750.0,330.8,331.5,75.0
2025-10-01,09:37:44.000,331.15,750.0,330.8,331.5,75.0
2025-10-01,09:37:45.000,330.72,300.0,330.45,331.0,75.0
2025-10-01,09:37:46.000,330.72,300.0,330.45,331.0,75.0
2025-10-01,09:37:47.000,330.68,375.0,330.3,331.05,75.0
2025-10-01,09:37:48.000,330.9,300.0,330.5,331.3,225.0
2025-10-01,09:37:49.000,330.9,300.0,330.5,331.3,225.0
2025-10-01,09:37:50.000,331.48,525.0,331.1,331.85,75.0
2025-10-01,09:37:51.000,331.48,525.0,331.1,331.85,75.0
2025-10-01,09:37:52.000,330.98,300.0,330.6,331.35,75.0
2025-10-01,09:37:53.000,330.82,300.0,330.5,331.15,75.0
2025-10-01,09:37:54.000,330.82,300.0,330.5,331.15,75.0
2025-10-01,09:37:55.000,330.7,300.0,330.3,331.1,75.0
2025-10-01,09:37:56.000,330.7,300.0,330.3,331.1,75.0
2025-10-01,09:37:57.000,330.4,150.0,330.05,330.75,75.0
2025-10-01,09:37:58.000,330.28,75.0,330.0,330.55,600.0
2025-10-01,09:37:59.000,330.28,75.0,330.0,330.55,600.0
2025-10-01,09:38:00.000,329.15,225.0,328.55,329.75,150.0
2025-10-01,09:38:01.000,329.15,225.0,328.55,329.75,150.0
2025-10-01,09:38:02.000,330.08,675.0,329.75,330.4,75.0
2025-10-01,09:38:03.000,329.22,150.0,329.0,329.45,75.0
2025-10-01,09:38:04.000,329.22,150.0,329.0,329.45,75.0
2025-10-01,09:38:05.000,328.72,225.0,328.5,328.95,75.0
2025-10-01,09:38:06.000,328.72,225.0,328.5,328.95,75.0
2025-10-01,09:38:07.000,328.33,75.0,328.05,328.6,75.0
2025-10-01,09:38:08.000,328.88,300.0,328.55,329.2,75.0
2025-10-01,09:38:09.000,328.88,300.0,328.55,329.2,75.0
2025-10-01,09:38:10.000,329.38,450.0,329.0,329.75,525.0
2025-10-01,09:38:11.000,329.38,450.0,329.0,329.75,525.0
2025-10-01,09:38:12.000,328.62,150.0,328.3,328.95,150.0
2025-10-01,09:38:13.000,328.38,525.0,328.0,328.75,225.0
2025-10-01,09:38:14.000,328.38,525.0,328.0,328.75,225.0
2025-10-01,09:38:15.000,328.25,375.0,328.0,328.5,75.0
2025-10-01,09:38:16.000,328.25,375.0,328.0,328.5,75.0
2025-10-01,09:38:17.000,328.72,525.0,328.35,329.1,225.0
2025-10-01,09:38:18.000,329.48,300.0,329.15,329.8,75.0
2025-10-01,09:38:19.000,329.48,300.0,329.15,329.8,75.0
2025-10-01,09:38:20.000,329.7,375.0,329.5,329.9,225.0
2025-10-01,09:38:21.000,329.7,375.0,329.5,329.9,225.0
2025-10-01,09:38:22.000,329.5,300.0,329.1,329.9,825.0
2025-10-01,09:38:23.000,329.58,225.0,329.25,329.9,150.0
2025-10-01,09:38:24.000,329.58,225.0,329.25,329.9,150.0
2025-10-01,09:38:25.000,328.85,600.0,328.5,329.2,300.0
2025-10-01,09:38:26.000,328.85,600.0,328.5,329.2,300.0
2025-10-01,09:38:27.000,327.35,300.0,327.0,327.7,75.0
2025-10-01,09:38:28.000,327.4,300.0,327.0,327.8,75.0
2025-10-01,09:38:29.000,327.4,300.0,327.0,327.8,75.0
2025-10-01,09:38:30.000,328.18,600.0,328.0,328.35,375.0
2025-10-01,09:38:31.000,328.18,600.0,328.0,328.35,375.0
2025-10-01,09:38:32.000,328.42,600.0,328.0,328.85,375.0
2025-10-01,09:38:33.000,328.12,225.0,327.85,328.4,75.0
2025-10-01,09:38:34.000,328.12,225.0,327.85,328.4,75.0
2025-10-01,09:38:35.000,328.52,225.0,328.15,328.9,525.0
2025-10-01,09:38:36.000,328.52,225.0,328.15,328.9,525.0
2025-10-01,09:38:37.000,328.92,525.0,328.5,329.35,150.0
2025-10-01,09:38:38.000,328.82,300.0,328.65,329.0,600.0
2025-10-01,09:38:39.000,328.82,300.0,328.65,329.0,600.0
2025-10-01,09:38:40.000,329.1,150.0,328.75,329.45,375.0
2025-10-01,09:38:41.000,329.1,150.0,328.75,329.45,375.0
2025-10-01,09:38:42.000,328.62,300.0,328.25,329.0,75.0
2025-10-01,09:38:43.000,328.9,150.0,328.5,329.3,975.0
2025-10-01,09:38:44.000,328.9,150.0,328.5,329.3,975.0
2025-10-01,09:38:45.000,328.7,600.0,328.3,329.1,525.0
2025-10-01,09:38:46.000,329.62,150.0,329.25,330.0,225.0
2025-10-01,09:38:47.000,329.62,150.0,329.25,330.0,225.0
2025-10-01,09:38:48.000,329.48,300.0,329.05,329.9,600.0
2025-10-01,09:38:49.000,329.48,300.0,329.05,329.9,600.0
2025-10-01,09:38:50.000,329.5,375.0,329.1,329.9,75.0
2025-10-01,09:38:51.000,329.3,150.0,328.9,329.7,75.0
2025-10-01,09:38:52.000,329.3,150.0,328.9,329.7,75.0
2025-10-01,09:38:53.000,329.28,300.0,328.85,329.7,450.0
2025-10-01,09:38:54.000,329.28,300.0,328.85,329.7,450.0
2025-10-01,09:38:55.000,328.9,675.0,328.5,329.3,525.0
2025-10-01,09:38:56.000,328.65,150.0,328.3,329.0,225.0
2025-10-01,09:38:57.000,328.65,150.0,328.3,329.0,225.0
2025-10-01,09:38:58.000,328.28,300.0,327.85,328.7,75.0
2025-10-01,09:38:59.000,328.28,300.0,327.85,328.7,75.0
2025-10-01,09:39:00.000,328.78,150.0,328.5,329.05,150.0
2025-10-01,09:39:01.000,328.72,300.0,328.35,329.1,75.0
2025-10-01,09:39:02.000,328.72,300.0,328.35,329.1,75.0
2025-10-01,09:39:03.000,328.32,150.0,328.0,328.65,225.0
2025-10-01,09:39:04.000,328.32,150.0,328.0,328.65,225.0
2025-10-01,09:39:05.000,328.58,150.0,328.25,328.9,225.0
2025-10-01,09:39:06.000,329.25,75.0,328.8,329.7,450.0
2025-10-01,09:39:07.000,329.25,75.0,328.8,329.7,450.0
2025-10-01,09:39:08.000,329.18,675.0,328.8,329.55,75.0
2025-10-01,09:39:09.000,329.18,675.0,328.8,329.55,75.0
2025-10-01,09:39:10.000,329.35,300.0,329.0,329.7,375.0
2025-10-01,09:39:11.000,328.92,600.0,328.5,329.35,525.0
2025-10-01,09:39:12.000,328.92,600.0,328.5,329.35,525.0
2025-10-01,09:39:13.000,329.2,300.0,328.8,329.6,525.0
2025-10-01,09:39:14.000,329.2,300.0,328.8,329.6,525.0
2025-10-01,09:39:15.000,329.42,300.0,329.05,329.8,75.0
2025-10-01,09:39:16.000,330.65,75.0,330.25,331.05,150.0
2025-10-01,09:39:17.000,330.65,75.0,330.25,331.05,150.0
2025-10-01,09:39:18.000,330.82,75.0,330.5,331.15,450.0
2025-10-01,09:39:19.000,330.82,75.0,330.5,331.15,450.0
2025-10-01,09:39:20.000,329.9,75.0,329.3,330.5,375.0
2025-10-01,09:39:21.000,331.0,75.0,330.7,331.3,225.0
2025-10-01,09:39:22.000,331.0,75.0,330.7,331.3,225.0
2025-10-01,09:39:23.000,330.65,75.0,330.35,330.95,150.0
2025-10-01,09:39:24.000,330.65,75.0,330.35,330.95,150.0
2025-10-01,09:39:25.000,330.45,1050.0,330.0,330.9,225.0
2025-10-01,09:39:26.000,330.45,1050.0,330.0,330.9,225.0
2025-10-01,09:39:27.000,330.88,75.0,330.55,331.2,75.0
2025-10-01,09:39:28.000,331.1,375.0,330.7,331.5,450.0
2025-10-01,09:39:29.000,331.1,375.0,330.7,331.5,450.0
2025-10-01,09:39:30.000,331.17,300.0,330.7,331.65,300.0
2025-10-01,09:39:31.000,331.17,300.0,330.7,331.65,300.0
2025-10-01,09:39:32.000,332.3,375.0,332.15,332.45,300.0
2025-10-01,09:39:33.000,332.6,1125.0,332.2,333.0,75.0
2025-10-01,09:39:34.000,332.6,1125.0,332.2,333.0,75.0
2025-10-01,09:39:35.000,332.45,1050.0,332.0,332.9,225.0
2025-10-01,09:39:36.000,332.45,1050.0,332.0,332.9,225.0
2025-10-01,09:39:37.000,332.4,375.0,332.0,332.8,300.0
2025-10-01,09:39:38.000,331.95,150.0,331.5,332.4,600.0
2025-10-01,09:39:39.000,331.95,150.0,331.5,332.4,600.0
2025-10-01,09:39:40.000,331.88,150.0,331.5,332.25,375.0
2025-10-01,09:39:41.000,331.88,150.0,331.5,332.25,375.0
2025-10-01,09:39:42.000,332.45,600.0,332.0,332.9,600.0
2025-10-01,09:39:43.000,332.72,450.0,332.3,333.15,525.0
2025-10-01,09:39:44.000,332.72,450.0,332.3,333.15,525.0
2025-10-01,09:39:45.000,332.7,150.0,332.3,333.1,825.0
2025-10-01,09:39:46.000,332.42,75.0,332.0,332.85,675.0
2025-10-01,09:39:47.000,332.42,75.0,332.0,332.85,675.0
2025-10-01,09:39:48.000,332.2,225.0,331.8,332.6,75.0
2025-10-01,09:39:49.000,332.2,225.0,331.8,332.6,75.0
2025-10-01,09:39:50.000,332.58,150.0,332.25,332.9,75.0
2025-10-01,09:39:51.000,332.7,75.0,332.3,333.1,525.0
2025-10-01,09:39:52.000,332.7,75.0,332.3,333.1,525.0
2025-10-01,09:39:53.000,332.4,150.0,332.0,332.8,750.0
2025-10-01,09:39:54.000,332.4,150.0,332.0,332.8,750.0
2025-10-01,09:39:55.000,332.48,675.0,332.05,332.9,525.0
2025-10-01,09:39:56.000,332.05,150.0,331.75,332.35,150.0
2025-10-01,09:39:57.000,332.05,150.0,331.75,332.35,150.0
2025-10-01,09:39:58.000,331.85,150.0,331.5,332.2,525.0
2025-10-01,09:39:59.000,331.85,150.0,331.5,332.2,525.0
2025-10-01,09:40:00.000,331.72,300.0,331.35,332.1,75.0
2025-10-01,09:40:01.000,332.15,150.0,332.0,332.3,150.0
2025-10-01,09:40:02.000,332.15,150.0,332.0,332.3,150.0
2025-10-01,09:40:03.000,331.5,375.0,331.1,331.9,75.0
2025-10-01,09:40:04.000,331.5,375.0,331.1,331.9,75.0
2025-10-01,09:40:05.000,331.4,300.0,331.0,331.8,825.0
2025-10-01,09:40:06.000,331.95,675.0,331.5,332.4,750.0
2025-10-01,09:40:07.000,331.95,675.0,331.5,332.4,750.0
2025-10-01,09:40:08.000,331.9,375.0,331.5,332.3,450.0
2025-10-01,09:40:09.000,331.9,375.0,331.5,332.3,450.0
2025-10-01,09:40:10.000,331.92,300.0,331.55,332.3,525.0
2025-10-01,09:40:11.000,332.22,75.0,332.0,332.45,150.0
2025-10-01,09:40:12.000,332.22,75.0,332.0,332.45,150.0
2025-10-01,09:40:13.000,331.68,450.0,331.25,332.1,375.0
2025-10-01,09:40:14.000,331.68,450.0,331.25,332.1,375.0
2025-10-01,09:40:15.000,331.28,75.0,331.0,331.55,150.0
2025-10-01,09:40:16.000,331.2,75.0,331.0,331.4,75.0
2025-10-01,09:40:17.000,331.2,75.0,331.0,331.4,75.0
2025-10-01,09:40:18.000,331.1,75.0,331.0,331.2,75.0
2025-10-01,09:40:19.000,331.1,75.0,331.0,331.2,75.0
2025-10-01,09:40:20.000,330.98,300.0,330.6,331.35,225.0
2025-10-01,09:40:21.000,331.18,600.0,330.8,331.55,75.0
2025-10-01,09:40:22.000,331.18,600.0,330.8,331.55,75.0
2025-10-01,09:40:23.000,330.1,150.0,329.75,330.45,75.0
2025-10-01,09:40:24.000,330.1,150.0,329.75,330.45,75.0
2025-10-01,09:40:25.000,330.4,225.0,330.0,330.8,600.0
2025-10-01,09:40:26.000,330.48,75.0,330.15,330.8,75.0
2025-10-01,09:40:27.000,330.48,75.0,330.15,330.8,75.0
2025-10-01,09:40:28.000,330.18,225.0,329.8,330.55,825.0
2025-10-01,09:40:29.000,330.18,225.0,329.8,330.55,825.0
2025-10-01,09:40:30.000,330.12,150.0,329.75,330.5,75.0
2025-10-01,09:40:31.000,330.2,600.0,329.8,330.6,600.0
2025-10-01,09:40:32.000,330.2,600.0,329.8,330.6,600.0
2025-10-01,09:40:33.000,329.95,525.0,329.55,330.35,450.0
2025-10-01,09:40:34.000,329.95,525.0,329.55,330.35,450.0
2025-10-01,09:40:35.000,330.22,300.0,329.75,330.7,300.0
2025-10-01,09:40:36.000,330.3,300.0,329.9,330.7,225.0
2025-10-01,09:40:37.000,330.3,300.0,329.9,330.7,225.0
2025-10-01,09:40:38.000,329.9,525.0,329.5,330.3,225.0
2025-10-01,09:40:39.000,329.9,525.0,329.5,330.3,225.0
2025-10-01,09:40:40.000,329.65,150.0,329.25,330.05,825.0
2025-10-01,09:40:41.000,329.48,375.0,329.05,329.9,75.0
2025-10-01,09:40:42.000,329.48,375.0,329.05,329.9,75.0
2025-10-01,09:40:43.000,329.28,300.0,328.85,329.7,75.0
2025-10-01,09:40:44.000,329.28,300.0,328.85,329.7,75.0
2025-10-01,09:40:45.000,329.02,375.0,328.8,329.25,75.0
2025-10-01,09:40:46.000,330.35,375.0,330.2,330.5,75.0
2025-10-01,09:40:47.000,330.35,375.0,330.2,330.5,75.0
2025-10-01,09:40:48.000,331.45,150.0,331.1,331.8,375.0
2025-10-01,09:40:49.000,331.45,150.0,331.1,331.8,375.0
2025-10-01,09:40:50.000,331.98,225.0,331.6,332.35,75.0
2025-10-01,09:40:51.000,331.18,450.0,331.05,331.3,300.0
2025-10-01,09:40:52.000,331.18,450.0,331.05,331.3,300.0
2025-10-01,09:40:53.000,331.0,375.0,330.9,331.1,375.0
2025-10-01,09:40:54.000,331.0,375.0,330.9,331.1,375.0
2025-10-01,09:40:55.000,331.7,375.0,331.4,332.0,300.0
2025-10-01,09:40:56.000,332.12,375.0,331.9,332.35,225.0
2025-10-01,09:40:57.000,332.12,375.0,331.9,332.35,225.0
2025-10-01,09:40:58.000,331.35,1425.0,331.1,331.6,75.0
2025-10-01,09:40:59.000,331.35,1425.0,331.1,331.6,75.0
2025-10-01,09:41:00.000,331.42,450.0,331.25,331.6,75.0
2025-10-01,09:41:01.000,331.9,75.0,331.6,332.2,150.0
2025-10-01,09:41:02.000,331.9,75.0,331.6,332.2,150.0
2025-10-01,09:41:03.000,333.48,150.0,333.2,333.75,300.0
2025-10-01,09:41:04.000,333.48,150.0,333.2,333.75,300.0
2025-10-01,09:41:05.000,333.42,150.0,333.15,333.7,150.0
2025-10-01,09:41:06.000,333.58,150.0,333.25,333.9,225.0
2025-10-01,09:41:07.000,333.58,150.0,333.25,333.9,225.0
2025-10-01,09:41:08.000,332.95,75.0,332.65,333.25,525.0
2025-10-01,09:41:09.000,332.95,75.0,332.65,333.25,525.0
2025-10-01,09:41:10.000,333.38,300.0,333.0,333.75,750.0
2025-10-01,09:41:11.000,333.85,75.0,333.7,334.0,150.0
2025-10-01,09:41:12.000,333.85,75.0,333.7,334.0,150.0
2025-10-01,09:41:13.000,334.32,525.0,333.9,334.75,375.0
2025-10-01,09:41:14.000,334.32,525.0,333.9,334.75,375.0
2025-10-01,09:41:15.000,334.2,525.0,333.75,334.65,525.0
2025-10-01,09:41:16.000,334.62,225.0,334.25,335.0,450.0
2025-10-01,09:41:17.000,334.62,225.0,334.25,335.0,450.0
2025-10-01,09:41:18.000,334.3,300.0,333.9,334.7,975.0
2025-10-01,09:41:19.000,334.35,300.0,334.15,334.55,150.0
2025-10-01,09:41:20.000,334.35,300.0,334.15,334.55,150.0
2025-10-01,09:41:21.000,334.6,300.0,334.25,334.95,75.0
2025-10-01,09:41:22.000,334.6,300.0,334.25,334.95,75.0
2025-10-01,09:41:23.000,334.48,225.0,334.25,334.7,150.0
2025-10-01,09:41:24.000,333.6,300.0,333.25,333.95,300.0
2025-10-01,09:41:25.000,333.6,300.0,333.25,333.95,300.0
2025-10-01,09:41:26.000,333.68,525.0,333.25,334.1,75.0
2025-10-01,09:41:27.000,333.68,525.0,333.25,334.1,75.0
2025-10-01,09:41:28.000,333.1,300.0,332.65,333.55,300.0
2025-10-01,09:41:29.000,333.18,450.0,332.75,333.6,525.0
2025-10-01,09:41:30.000,333.18,450.0,332.75,333.6,525.0
2025-10-01,09:41:31.000,333.28,600.0,332.85,333.7,300.0
2025-10-01,09:41:32.000,333.28,600.0,332.85,333.7,300.0
2025-10-01,09:41:33.000,332.5,450.0,332.1,332.9,75.0
2025-10-01,09:41:34.000,332.72,300.0,332.35,333.1,75.0
2025-10-01,09:41:35.000,332.72,300.0,332.35,333.1,75.0
2025-10-01,09:41:36.000,332.25,300.0,331.9,332.6,75.0
2025-10-01,09:41:37.000,332.25,300.0,331.9,332.6,75.0
2025-10-01,09:41:38.000,332.82,300.0,332.45,333.2,375.0
2025-10-01,09:41:39.000,332.82,300.0,332.45,333.2,375.0
2025-10-01,09:41:40.000,333.02,750.0,332.7,333.35,225.0
2025-10-01,09:41:41.000,333.62,300.0,333.35,333.9,75.0
2025-10-01,09:41:42.000,333.62,300.0,333.35,333.9,75.0
2025-10-01,09:41:43.000,333.22,1650.0,332.85,333.6,75.0
2025-10-01,09:41:44.000,333.22,1650.0,332.85,333.6,75.0
2025-10-01,09:41:45.000,333.22,825.0,332.8,333.65,525.0
2025-10-01,09:41:46.000,333.22,450.0,332.85,333.6,150.0
2025-10-01,09:41:47.000,333.22,450.0,332.85,333.6,150.0
2025-10-01,09:41:48.000,332.9,825.0,332.5,333.3,75.0
2025-10-01,09:41:49.000,332.9,825.0,332.5,333.3,75.0
2025-10-01,09:41:50.000,332.9,750.0,332.5,333.3,825.0
2025-10-01,09:41:51.000,332.95,300.0,332.55,333.35,150.0
2025-10-01,09:41:52.000,332.95,300.0,332.55,333.35,150.0
2025-10-01,09:41:53.000,332.92,525.0,332.55,333.3,150.0
2025-10-01,09:41:54.000,332.92,525.0,332.55,333.3,150.0
2025-10-01,09:41:55.000,332.78,300.0,332.65,332.9,1425.0
2025-10-01,09:41:56.000,332.62,375.0,332.15,333.1,75.0
2025-10-01,09:41:57.000,332.62,375.0,332.15,333.1,75.0
2025-10-01,09:41:58.000,332.98,150.0,332.55,333.4,675.0
2025-10-01,09:41:59.000,332.98,150.0,332.55,333.4,675.0
2025-10-01,09:42:00.000,333.65,75.0,333.4,333.9,75.0
2025-10-01,09:42:01.000,333.4,75.0,333.0,333.8,225.0
2025-10-01,09:42:02.000,333.4,75.0,333.0,333.8,225.0
2025-10-01,09:42:03.000,332.98,450.0,332.85,333.1,225.0
2025-10-01,09:42:04.000,333.75,525.0,333.6,333.9,75.0
2025-10-01,09:42:05.000,333.75,525.0,333.6,333.9,75.0
2025-10-01,09:42:06.000,333.42,75.0,333.05,333.8,225.0
2025-10-01,09:42:07.000,333.42,75.0,333.05,333.8,225.0
2025-10-01,09:42:08.000,333.48,75.0,333.15,333.8,600.0
2025-10-01,09:42:09.000,333.35,75.0,332.95,333.75,525.0
2025-10-01,09:42:10.000,333.35,75.0,332.95,333.75,525.0
2025-10-01,09:42:11.000,333.6,75.0,333.3,333.9,225.0
2025-10-01,09:42:12.000,333.6,75.0,333.3,333.9,225.0
2025-10-01,09:42:13.000,333.52,450.0,333.15,333.9,900.0
2025-10-01,09:42:14.000,333.75,75.0,333.6,333.9,75.0
2025-10-01,09:42:15.000,333.75,75.0,333.6,333.9,75.0
2025-10-01,09:42:16.000,333.62,225.0,333.45,333.8,150.0
2025-10-01,09:42:17.000,333.62,225.0,333.45,333.8,150.0
2025-10-01,09:42:18.000,333.4,375.0,333.0,333.8,525.0
2025-10-01,09:42:19.000,333.7,300.0,333.4,334.0,75.0
2025-10-01,09:42:20.000,333.7,300.0,333.4,334.0,75.0
2025-10-01,09:42:21.000,333.68,300.0,333.35,334.0,75.0
2025-10-01,09:42:22.000,333.68,300.0,333.35,334.0,75.0
2025-10-01,09:42:23.000,335.38,450.0,335.0,335.75,225.0
2025-10-01,09:42:24.000,335.7,75.0,335.55,335.85,150.0
2025-10-01,09:42:25.000,335.7,75.0,335.55,335.85,150.0
2025-10-01,09:42:26.000,336.1,150.0,335.75,336.45,150.0
2025-10-01,09:42:27.000,336.1,150.0,335.75,336.45,150.0
2025-10-01,09:42:28.000,336.58,150.0,336.35,336.8,150.0
2025-10-01,09:42:29.000,335.62,150.0,335.3,335.95,150.0
2025-10-01,09:42:30.000,335.62,150.0,335.3,335.95,150.0
2025-10-01,09:42:31.000,335.67,150.0,335.65,335.7,75.0
2025-10-01,09:42:32.000,335.67,150.0,335.65,335.7,75.0
2025-10-01,09:42:33.000,335.85,75.0,335.5,336.2,75.0
2025-10-01,09:42:34.000,336.08,75.0,335.7,336.45,150.0
2025-10-01,09:42:35.000,336.08,75.0,335.7,336.45,150.0
2025-10-01,09:42:36.000,335.98,150.0,335.6,336.35,150.0
2025-10-01,09:42:37.000,335.98,150.0,335.6,336.35,150.0
2025-10-01,09:42:38.000,335.75,75.0,335.6,335.9,75.0
2025-10-01,09:42:39.000,336.2,375.0,335.8,336.6,300.0
2025-10-01,09:42:40.000,336.2,375.0,335.8,336.6,300.0
2025-10-01,09:42:41.000,337.2,675.0,336.9,337.5,75.0
2025-10-01,09:42:42.000,337.2,675.0,336.9,337.5,75.0
2025-10-01,09:42:43.000,337.02,600.0,336.55,337.5,450.0
2025-10-01,09:42:44.000,336.38,75.0,336.0,336.75,75.0
2025-10-01,09:42:45.000,336.38,75.0,336.0,336.75,75.0
2025-10-01,09:42:46.000,336.52,450.0,336.05,337.0,750.0
2025-10-01,09:42:47.000,336.52,450.0,336.05,337.0,750.0
2025-10-01,09:42:48.000,336.92,75.0,336.85,337.0,75.0
2025-10-01,09:42:49.000,336.45,75.0,336.3,336.6,75.0
2025-10-01,09:42:50.000,336.45,75.0,336.3,336.6,75.0
2025-10-01,09:42:51.000,336.0,75.0,335.65,336.35,300.0
2025-10-01,09:42:52.000,336.0,75.0,335.65,336.35,300.0
2025-10-01,09:42:53.000,336.28,300.0,335.95,336.6,75.0
2025-10-01,09:42:54.000,336.08,150.0,335.65,336.5,750.0
2025-10-01,09:42:55.000,336.08,150.0,335.65,336.5,750.0
2025-10-01,09:42:56.000,335.52,75.0,335.1,335.95,225.0
2025-10-01,09:42:57.000,335.52,75.0,335.1,335.95,225.0
2025-10-01,09:42:58.000,335.98,75.0,335.6,336.35,225.0
2025-10-01,09:42:59.000,336.02,375.0,335.6,336.45,600.0
2025-10-01,09:43:00.000,336.02,375.0,335.6,336.45,600.0
2025-10-01,09:43:01.000,335.85,150.0,335.5,336.2,75.0
2025-10-01,09:43:02.000,335.85,150.0,335.5,336.2,75.0
2025-10-01,09:43:03.000,336.3,375.0,336.0,336.6,75.0
2025-10-01,09:43:04.000,335.75,75.0,335.5,336.0,750.0
2025-10-01,09:43:05.000,335.75,75.0,335.5,336.0,750.0
2025-10-01,09:43:06.000,335.52,75.0,335.15,335.9,300.0
2025-10-01,09:43:07.000,335.52,75.0,335.15,335.9,300.0
2025-10-01,09:43:08.000,335.62,375.0,335.25,336.0,150.0
2025-10-01,09:43:09.000,335.48,375.0,335.05,335.9,75.0
2025-10-01,09:43:10.000,335.48,375.0,335.05,335.9,75.0
2025-10-01,09:43:11.000,335.48,525.0,335.05,335.9,525.0
2025-10-01,09:43:12.000,335.48,525.0,335.05,335.9,525.0
2025-10-01,09:43:13.000,335.72,300.0,335.35,336.1,75.0
2025-10-01,09:43:14.000,335.32,825.0,335.0,335.65,375.0
2025-10-01,09:43:15.000,335.32,825.0,335.0,335.65,375.0
2025-10-01,09:43:16.000,335.48,1350.0,335.0,335.95,450.0
2025-10-01,09:43:17.000,335.48,1350.0,335.0,335.95,450.0
2025-10-01,09:43:18.000,336.05,450.0,335.6,336.5,450.0
2025-10-01,09:43:19.000,336.35,450.0,335.9,336.8,75.0
2025-10-01,09:43:20.000,336.35,450.0,335.9,336.8,75.0
2025-10-01,09:43:21.000,337.45,75.0,337.05,337.85,600.0
2025-10-01,09:43:22.000,337.45,75.0,337.05,337.85,600.0
2025-10-01,09:43:23.000,337.72,375.0,337.3,338.15,300.0
2025-10-01,09:43:24.000,337.45,150.0,337.0,337.9,675.0
2025-10-01,09:43:25.000,337.45,150.0,337.0,337.9,675.0
2025-10-01,09:43:26.000,337.7,600.0,337.25,338.15,450.0
2025-10-01,09:43:27.000,337.95,75.0,337.6,338.3,75.0
2025-10-01,09:43:28.000,337.95,75.0,337.6,338.3,75.0
2025-10-01,09:43:29.000,337.25,75.0,336.9,337.6,75.0
2025-10-01,09:43:30.000,337.25,75.0,336.9,337.6,75.0
2025-10-01,09:43:31.000,336.4,750.0,336.0,336.8,225.0
2025-10-01,09:43:32.000,336.25,750.0,336.0,336.5,225.0
2025-10-01,09:43:33.000,336.25,750.0,336.0,336.5,225.0
2025-10-01,09:43:34.000,336.42,975.0,336.0,336.85,450.0
2025-10-01,09:43:35.000,336.42,975.0,336.0,336.85,450.0
2025-10-01,09:43:36.000,336.2,750.0,336.0,336.4,75.0
2025-10-01,09:43:37.000,336.2,750.0,336.0,336.4,450.0
2025-10-01,09:43:38.000,336.2,750.0,336.0,336.4,450.0
2025-10-01,09:43:39.000,335.78,375.0,335.35,336.2,75.0
2025-10-01,09:43:40.000,335.78,375.0,335.35,336.2,75.0
2025-10-01,09:43:41.000,335.55,450.0,335.15,335.95,300.0
2025-10-01,09:43:42.000,335.15,825.0,335.0,335.3,75.0
2025-10-01,09:43:43.000,335.15,825.0,335.0,335.3,75.0
2025-10-01,09:43:44.000,336.02,150.0,335.6,336.45,75.0
2025-10-01,09:43:45.000,336.02,150.0,335.6,336.45,75.0
2025-10-01,09:43:46.000,336.4,300.0,336.0,336.8,75.0
2025-10-01,09:43:47.000,337.45,375.0,337.0,337.9,75.0
2025-10-01,09:43:48.000,337.45,375.0,337.0,337.9,75.0
2025-10-01,09:43:49.000,337.75,150.0,337.5,338.0,225.0
2025-10-01,09:43:50.000,337.75,150.0,337.5,338.0,225.0
2025-10-01,09:43:51.000,337.7,75.0,337.4,338.0,225.0
2025-10-01,09:43:52.000,337.05,75.0,336.7,337.4,75.0
2025-10-01,09:43:53.000,337.05,75.0,336.7,337.4,75.0
2025-10-01,09:43:54.000,337.32,75.0,336.95,337.7,75.0
2025-10-01,09:43:55.000,337.32,75.0,336.95,337.7,75.0
2025-10-01,09:43:56.000,338.78,525.0,338.3,339.25,300.0
2025-10-01,09:43:57.000,339.45,75.0,339.2,339.7,75.0
2025-10-01,09:43:58.000,339.45,75.0,339.2,339.7,75.0
2025-10-01,09:43:59.000,340.65,300.0,340.3,341.0,450.0
2025-10-01,09:44:00.000,340.65,300.0,340.3,341.0,450.0
2025-10-01,09:44:01.000,340.15,150.0,339.75,340.55,450.0
2025-10-01,09:44:02.000,339.58,300.0,339.15,340.0,75.0
2025-10-01,09:44:03.000,339.58,300.0,339.15,340.0,75.0
2025-10-01,09:44:04.000,340.05,750.0,339.6,340.5,300.0
2025-10-01,09:44:05.000,340.05,750.0,339.6,340.5,300.0
2025-10-01,09:44:06.000,341.6,75.0,341.2,342.0,375.0
2025-10-01,09:44:07.000,340.68,75.0,340.3,341.05,300.0
2025-10-01,09:44:08.000,340.68,75.0,340.3,341.05,300.0
2025-10-01,09:44:09.000,341.18,75.0,340.85,341.5,75.0
2025-10-01,09:44:10.000,341.18,75.0,340.85,341.5,75.0
2025-10-01,09:44:11.000,341.35,75.0,340.95,341.75,375.0
2025-10-01,09:44:12.000,341.45,375.0,341.0,341.9,525.0
2025-10-01,09:44:13.000,341.45,375.0,341.0,341.9,525.0
2025-10-01,09:44:14.000,341.5,300.0,341.05,341.95,600.0
2025-10-01,09:44:15.000,341.5,300.0,341.05,341.95,600.0
2025-10-01,09:44:16.000,341.7,150.0,341.25,342.15,225.0
2025-10-01,09:44:17.000,342.67,150.0,342.15,343.2,375.0
2025-10-01,09:44:18.000,342.67,150.0,342.15,343.2,375.0
2025-10-01,09:44:19.000,342.7,75.0,342.3,343.1,75.0
2025-10-01,09:44:20.000,342.7,75.0,342.3,343.1,75.0
2025-10-01,09:44:21.000,342.4,75.0,341.95,342.85,525.0
2025-10-01,09:44:22.000,342.5,150.0,342.0,343.0,375.0
2025-10-01,09:44:23.000,342.5,150.0,342.0,343.0,375.0
2025-10-01,09:44:24.000,342.9,225.0,342.5,343.3,300.0
2025-10-01,09:44:25.000,342.9,225.0,342.5,343.3,300.0
2025-10-01,09:44:26.000,343.95,300.0,343.5,344.4,225.0
2025-10-01,09:44:27.000,344.8,75.0,344.35,345.25,525.0
2025-10-01,09:44:28.000,344.8,75.0,344.35,345.25,525.0
2025-10-01,09:44:29.000,344.82,75.0,344.45,345.2,75.0
2025-10-01,09:44:30.000,344.82,75.0,344.45,345.2,75.0
2025-10-01,09:44:31.000,345.08,300.0,344.65,345.5,375.0
2025-10-01,09:44:32.000,344.28,75.0,343.85,344.7,75.0
2025-10-01,09:44:33.000,344.28,75.0,343.85,344.7,75.0
2025-10-01,09:44:34.000,343.8,300.0,343.3,344.3,300.0
2025-10-01,09:44:35.000,343.8,300.0,343.3,344.3,300.0
2025-10-01,09:44:36.000,343.8,75.0,343.4,344.2,75.0
2025-10-01,09:44:37.000,343.72,75.0,343.35,344.1,75.0
2025-10-01,09:44:38.000,343.72,75.0,343.35,344.1,75.0
2025-10-01,09:44:39.000,343.15,225.0,342.75,343.55,225.0
2025-10-01,09:44:40.000,343.15,225.0,342.75,343.55,225.0
2025-10-01,09:44:41.000,342.55,675.0,342.1,343.0,525.0
2025-10-01,09:44:42.000,341.85,150.0,341.7,342.0,75.0
2025-10-01,09:44:43.000,341.85,150.0,341.7,342.0,75.0
2025-10-01,09:44:44.000,342.05,75.0,341.7,342.4,900.0
2025-10-01,09:44:45.000,342.75,375.0,342.5,343.0,75.0
2025-10-01,09:44:46.000,342.75,375.0,342.5,343.0,75.0
2025-10-01,09:44:47.000,343.95,75.0,343.75,344.15,75.0
2025-10-01,09:44:48.000,343.95,75.0,343.75,344.15,75.0
2025-10-01,09:44:49.000,344.22,75.0,344.05,344.4,825.0
2025-10-01,09:44:50.000,344.22,75.0,344.1,344.35,450.0
2025-10-01,09:44:51.000,344.22,75.0,344.1,344.35,450.0
2025-10-01,09:44:52.000,343.42,150.0,343.0,343.85,525.0
2025-10-01,09:44:53.000,343.42,150.0,343.0,343.85,525.0
2025-10-01,09:44:54.000,343.02,75.0,342.65,343.4,75.0
2025-10-01,09:44:55.000,342.92,300.0,342.5,343.35,225.0
2025-10-01,09:44:56.000,342.92,300.0,342.5,343.35,225.0
2025-10-01,09:44:57.000,342.82,75.0,342.45,343.2,75.0
2025-10-01,09:44:58.000,342.82,75.0,342.45,343.2,75.0
2025-10-01,09:44:59.000,343.1,75.0,342.65,343.55,675.0
2025-10-01,09:45:00.000,342.45,750.0,342.0,342.9,525.0
2025-10-01,09:45:01.000,342.45,750.0,342.0,342.9,525.0
2025-10-01,09:45:02.000,341.98,300.0,341.55,342.4,300.0
2025-10-01,09:45:03.000,341.98,300.0,341.55,342.4,300.0
2025-10-01,09:45:04.000,341.02,75.0,340.7,341.35,75.0
2025-10-01,09:45:05.000,341.95,300.0,341.5,342.4,750.0
