Date,Time,MID_PRICE,BID_SIZE,BID_PRICE,ASK_PRICE,ASK_SIZE
2025-10-01,09:15:00.000,185.95,150.0,177.05,194.85,75.0
2025-10-01,09:15:01.000,182.78,300.0,178.8,186.75,300.0
2025-10-01,09:15:02.000,182.78,300.0,178.8,186.75,300.0
2025-10-01,09:15:03.000,182.8,225.0,180.25,185.35,150.0
2025-10-01,09:15:04.000,184.4,225.0,182.8,186.0,225.0
2025-10-01,09:15:05.000,185.12,150.0,184.55,185.7,225.0
2025-10-01,09:15:06.000,185.12,150.0,184.55,185.7,225.0
2025-10-01,09:15:07.000,185.75,150.0,185.3,186.2,225.0
2025-10-01,09:15:08.000,184.08,450.0,183.4,184.75,225.0
2025-10-01,09:15:09.000,182.42,450.0,181.4,183.45,225.0
2025-10-01,09:15:10.000,182.42,450.0,181.4,183.45,225.0
2025-10-01,09:15:11.000,181.8,150.0,181.5,182.1,225.0
2025-10-01,09:15:12.000,182.28,75.0,181.8,182.75,225.0
2025-10-01,09:15:13.000,180.02,150.0,179.55,180.5,225.0
2025-10-01,09:15:14.000,179.28,150.0,178.55,180.0,300.0
2025-10-01,09:15:15.000,180.75,450.0,180.3,181.2,225.0
2025-10-01,09:15:16.000,180.75,450.0,180.3,181.2,225.0
2025-10-01,09:15:17.000,180.0,150.0,179.55,180.45,225.0
2025-10-01,09:15:18.000,180.88,225.0,180.55,181.2,225.0
2025-10-01,09:15:19.000,180.55,450.0,180.4,180.7,225.0
2025-10-01,09:15:20.000,180.55,450.0,180.4,180.7,225.0
2025-10-01,09:15:21.000,180.5,75.0,180.25,180.75,225.0
2025-10-01,09:15:22.000,180.15,225.0,179.9,180.4,75.0
2025-10-01,09:15:23.000,180.92,375.0,180.6,181.25,225.0
2025-10-01,09:15:24.000,180.92,375.0,180.6,181.25,225.0
2025-10-01,09:15:25.000,181.68,225.0,181.35,182.0,150.0
2025-10-01,09:15:26.000,180.68,225.0,180.55,180.8,75.0
2025-10-01,09:15:27.000,181.45,75.0,181.25,181.65,75.0
2025-10-01,09:15:28.000,181.45,75.0,181.25,181.65,75.0
2025-10-01,09:15:29.000,181.5,75.0,181.3,181.7,150.0
2025-10-01,09:15:30.000,181.35,150.0,181.15,181.55,75.0
2025-10-01,09:15:31.000,181.25,300.0,181.0,181.5,600.0
2025-10-01,09:15:32.000,181.25,300.0,181.0,181.5,600.0
2025-10-01,09:15:33.000,180.1,150.0,179.8,180.4,75.0
2025-10-01,09:15:34.000,180.08,225.0,179.8,180.35,375.0
2025-10-01,09:15:35.000,178.6,75.0,178.3,178.9,225.0
2025-10-01,09:15:36.000,178.6,75.0,178.3,178.9,225.0
2025-10-01,09:15:37.000,178.95,375.0,178.55,179.35,75.0
2025-10-01,09:15:38.000,179.25,225.0,179.0,179.5,225.0
2025-10-01,09:15:39.000,179.25,225.0,179.0,179.5,225.0
2025-10-01,09:15:40.000,178.7,150.0,178.5,178.9,375.0
2025-10-01,09:15:41.000,178.7,225.0,178.45,178.95,150.0
2025-10-01,09:15:42.000,178.8,150.0,178.6,179.0,75.0
2025-10-01,09:15:43.000,178.8,150.0,178.6,179.0,75.0
2025-10-01,09:15:44.000,179.3,225.0,179.05,179.55,450.0
2025-10-01,09:15:45.000,179.48,225.0,179.2,179.75,75.0
2025-10-01,09:15:46.000,179.45,225.0,179.2,179.7,75.0
2025-10-01,09:15:47.000,179.45,225.0,179.2,179.7,75.0
2025-10-01,09:15:48.000,179.2,225.0,178.9,179.5,750.0
2025-10-01,09:15:49.000,179.62,525.0,179.45,179.8,150.0
2025-10-01,09:15:50.000,180.32,375.0,180.15,180.5,150.0
2025-10-01,09:15:51.000,180.32,375.0,180.15,180.5,150.0
2025-10-01,09:15:52.000,179.6,75.0,179.3,179.9,150.0
2025-10-01,09:15:53.000,180.38,450.0,180.1,180.65,150.0
2025-10-01,09:15:54.000,180.48,225.0,180.2,180.75,150.0
2025-10-01,09:15:55.000,181.72,75.0,181.5,181.95,300.0
2025-10-01,09:15:56.000,181.72,75.0,181.5,181.95,300.0
2025-10-01,09:15:57.000,181.18,300.0,180.95,181.4,375.0
2025-10-01,09:15:58.000,181.02,150.0,180.75,181.3,375.0
2025-10-01,09:15:59.000,181.32,150.0,181.1,181.55,225.0
2025-10-01,09:16:00.000,181.32,150.0,181.1,181.55,225.0
2025-10-01,09:16:01.000,181.08,150.0,180.8,181.35,150.0
2025-10-01,09:16:02.000,181.08,150.0,180.65,181.5,300.0
2025-10-01,09:16:03.000,181.32,525.0,180.95,181.7,450.0
2025-10-01,09:16:04.000,181.32,525.0,180.95,181.7,450.0
2025-10-01,09:16:05.000,180.18,225.0,180.0,180.35,225.0
2025-10-01,09:16:06.000,180.15,375.0,179.8,180.5,150.0
2025-10-01,09:16:07.000,179.35,150.0,179.15,179.55,150.0
2025-10-01,09:16:08.000,179.35,150.0,179.15,179.55,150.0
2025-10-01,09:16:09.000,178.8,600.0,178.55,179.05,75.0
2025-10-01,09:16:10.000,179.0,75.0,178.9,179.1,75.0
2025-10-01,09:16:11.000,179.32,375.0,179.0,179.65,1125.0
2025-10-01,09:16:12.000,179.32,375.0,179.0,179.65,1125.0
2025-10-01,09:16:13.000,180.1,150.0,179.8,180.4,450.0
2025-10-01,09:16:14.000,179.82,75.0,179.55,180.1,450.0
2025-10-01,09:16:15.000,179.28,375.0,178.9,179.65,1350.0
2025-10-01,09:16:16.000,179.28,375.0,178.9,179.65,1350.0
2025-10-01,09:16:17.000,180.22,375.0,179.85,180.6,225.0
2025-10-01,09:16:18.000,180.85,300.0,180.55,181.15,225.0
2025-10-01,09:16:19.000,181.25,225.0,180.95,181.55,225.0
2025-10-01,09:16:20.000,181.25,225.0,180.95,181.55,225.0
2025-10-01,09:16:21.000,181.05,150.0,180.75,181.35,150.0
2025-10-01,09:16:22.000,180.62,225.0,180.35,180.9,75.0
2025-10-01,09:16:23.000,180.5,600.0,180.25,180.75,75.0
2025-10-01,09:16:24.000,180.27,225.0,179.95,180.6,450.0
2025-10-01,09:16:25.000,180.27,225.0,179.95,180.6,450.0
2025-10-01,09:16:26.000,180.6,375.0,180.4,180.8,75.0
2025-10-01,09:16:27.000,180.18,150.0,180.0,180.35,300.0
2025-10-01,09:16:28.000,179.68,525.0,179.35,180.0,225.0
2025-10-01,09:16:29.000,180.25,150.0,179.95,180.55,150.0
2025-10-01,09:16:30.000,180.42,300.0,180.2,180.65,300.0
2025-10-01,09:16:31.000,180.42,300.0,180.2,180.65,300.0
2025-10-01,09:16:32.000,179.65,75.0,179.4,179.9,150.0
2025-10-01,09:16:33.000,179.85,600.0,179.5,180.2,1800.0
2025-10-01,09:16:34.000,179.88,525.0,179.55,180.2,75.0
2025-10-01,09:16:35.000,179.88,525.0,179.55,180.2,75.0
2025-10-01,09:16:36.000,180.4,225.0,180.05,180.75,225.0
2025-10-01,09:16:37.000,181.0,300.0,180.75,181.25,300.0
2025-10-01,09:16:38.000,181.82,600.0,181.5,182.15,300.0
2025-10-01,09:16:39.000,181.82,600.0,181.5,182.15,300.0
2025-10-01,09:16:40.000,182.35,225.0,182.1,182.6,225.0
2025-10-01,09:16:41.000,182.45,300.0,182.2,182.7,75.0
2025-10-01,09:16:42.000,183.45,75.0,183.2,183.7,1800.0
2025-10-01,09:16:43.000,183.45,75.0,183.2,183.7,1800.0
2025-10-01,09:16:44.000,182.9,225.0,182.7,183.1,1125.0
2025-10-01,09:16:45.000,182.62,375.0,182.4,182.85,150.0
2025-10-01,09:16:46.000,182.1,300.0,181.85,182.35,375.0
2025-10-01,09:16:47.000,182.1,300.0,181.85,182.35,375.0
2025-10-01,09:16:48.000,183.0,525.0,182.75,183.25,75.0
2025-10-01,09:16:49.000,182.72,75.0,182.45,183.0,2100.0
2025-10-01,09:16:50.000,182.35,150.0,182.05,182.65,300.0
2025-10-01,09:16:51.000,182.35,150.0,182.05,182.65,300.0
2025-10-01,09:16:52.000,181.38,300.0,181.1,181.65,450.0
2025-10-01,09:16:53.000,182.12,375.0,181.8,182.45,2400.0
2025-10-01,09:16:54.000,181.68,450.0,181.5,181.85,225.0
2025-10-01,09:16:55.000,182.2,225.0,181.95,182.45,525.0
2025-10-01,09:16:56.000,182.2,225.0,181.95,182.45,525.0
2025-10-01,09:16:57.000,181.98,225.0,181.85,182.1,75.0
2025-10-01,09:16:58.000,182.32,450.0,182.1,182.55,225.0
2025-10-01,09:16:59.000,181.75,300.0,181.65,181.85,225.0
2025-10-01,09:17:00.000,181.75,300.0,181.65,181.85,225.0
2025-10-01,09:17:01.000,181.78,150.0,181.65,181.9,525.0
2025-10-01,09:17:02.000,182.78,75.0,182.55,183.0,225.0
2025-10-01,09:17:03.000,182.42,300.0,182.15,182.7,300.0
2025-10-01,09:17:04.000,182.42,300.0,182.15,182.7,300.0
2025-10-01,09:17:05.000,182.7,225.0,182.4,183.0,2400.0
2025-10-01,09:17:06.000,182.9,300.0,182.75,183.05,225.0
2025-10-01,09:17:07.000,182.78,225.0,182.65,182.9,225.0
2025-10-01,09:17:08.000,182.78,225.0,182.65,182.9,225.0
2025-10-01,09:17:09.000,182.82,150.0,182.75,182.9,75.0
2025-10-01,09:17:10.000,182.95,75.0,182.8,183.1,150.0
2025-10-01,09:17:11.000,182.42,300.0,182.2,182.65,300.0
2025-10-01,09:17:12.000,182.42,300.0,182.2,182.65,300.0
2025-10-01,09:17:13.000,182.18,1650.0,182.0,182.35,150.0
2025-10-01,09:17:14.000,181.62,600.0,181.25,182.0,450.0
2025-10-01,09:17:15.000,181.48,450.0,181.3,181.65,375.0
2025-10-01,09:17:16.000,181.48,450.0,181.3,181.65,375.0
2025-10-01,09:17:17.000,181.32,375.0,181.05,181.6,525.0
2025-10-01,09:17:18.000,180.42,450.0,180.15,180.7,600.0
2025-10-01,09:17:19.000,180.52,225.0,180.3,180.75,75.0
2025-10-01,09:17:20.000,180.52,225.0,180.3,180.75,75.0
2025-10-01,09:17:21.000,179.92,75.0,179.65,180.2,225.0
2025-10-01,09:17:22.000,180.62,225.0,180.45,180.8,75.0
2025-10-01,09:17:23.000,179.75,75.0,179.55,179.95,150.0
2025-10-01,09:17:24.000,179.75,75.0,179.55,179.95,150.0
2025-10-01,09:17:25.000,178.58,300.0,178.3,178.85,450.0
2025-10-01,09:17:26.000,179.4,300.0,179.15,179.65,75.0
2025-10-01,09:17:27.000,179.12,300.0,178.8,179.45,825.0
2025-10-01,09:17:28.000,179.12,300.0,178.8,179.45,825.0
2025-10-01,09:17:29.000,178.82,300.0,178.65,179.0,12000.0
2025-10-01,09:17:30.000,178.32,600.0,178.05,178.6,375.0
2025-10-01,09:17:31.000,178.22,300.0,178.0,178.45,750.0
2025-10-01,09:17:32.000,178.22,300.0,178.0,178.45,750.0
2025-10-01,09:17:33.000,178.62,75.0,178.35,178.9,600.0
2025-10-01,09:17:34.000,178.68,900.0,178.4,178.95,300.0
2025-10-01,09:17:35.000,178.68,900.0,178.4,178.95,300.0
2025-10-01,09:17:36.000,178.72,975.0,178.45,179.0,900.0
2025-10-01,09:17:37.000,178.45,375.0,178.2,178.7,675.0
2025-10-01,09:17:38.000,177.48,75.0,177.25,177.7,300.0
2025-10-01,09:17:39.000,177.48,75.0,177.25,177.7,300.0
2025-10-01,09:17:40.000,177.58,450.0,177.3,177.85,825.0
2025-10-01,09:17:41.000,177.48,300.0,177.25,177.7,750.0
2025-10-01,09:17:42.000,177.4,150.0,177.2,177.6,375.0
2025-10-01,09:17:43.000,177.38,150.0,177.1,177.65,300.0
2025-10-01,09:17:44.000,177.38,150.0,177.1,177.65,300.0
2025-10-01,09:17:45.000,177.72,600.0,177.5,177.95,600.0
2025-10-01,09:17:46.000,177.58,75.0,177.4,177.75,600.0
2025-10-01,09:17:47.000,178.52,75.0,178.35,178.7,300.0
2025-10-01,09:17:48.000,178.52,75.0,178.35,178.7,300.0
2025-10-01,09:17:49.000,179.27,75.0,179.1,179.45,225.0
2025-10-01,09:17:50.000,179.22,525.0,179.0,179.45,825.0
2025-10-01,09:17:51.000,179.08,75.0,178.95,179.2,600.0
2025-10-01,09:17:52.000,179.08,75.0,178.95,179.2,600.0
2025-10-01,09:17:53.000,178.12,75.0,177.85,178.4,975.0
2025-10-01,09:17:54.000,177.78,375.0,177.55,178.0,750.0
2025-10-01,09:17:55.000,177.85,300.0,177.65,178.05,675.0
2025-10-01,09:17:56.000,177.85,300.0,177.65,178.05,675.0
2025-10-01,09:17:57.000,177.8,225.0,177.6,178.0,600.0
2025-10-01,09:17:58.000,176.95,750.0,176.7,177.2,900.0
2025-10-01,09:17:59.000,176.08,525.0,175.8,176.35,1050.0
2025-10-01,09:18:00.000,176.08,525.0,175.8,176.35,1050.0
2025-10-01,09:18:01.000,175.42,675.0,175.15,175.7,525.0
2025-10-01,09:18:02.000,175.98,675.0,175.7,176.25,600.0
2025-10-01,09:18:03.000,175.98,675.0,175.7,176.25,600.0
2025-10-01,09:18:04.000,177.48,450.0,177.2,177.75,525.0
2025-10-01,09:18:05.000,177.58,75.0,177.35,177.8,825.0
2025-10-01,09:18:06.000,176.3,600.0,176.15,176.45,450.0
2025-10-01,09:18:07.000,176.3,600.0,176.15,176.45,450.0
2025-10-01,09:18:08.000,177.12,600.0,176.9,177.35,525.0
2025-10-01,09:18:09.000,177.02,225.0,176.9,177.15,225.0
2025-10-01,09:18:10.000,177.02,675.0,176.85,177.2,75.0
2025-10-01,09:18:11.000,176.92,150.0,176.7,177.15,825.0
2025-10-01,09:18:12.000,176.92,150.0,176.7,177.15,825.0
2025-10-01,09:18:13.000,176.58,600.0,176.35,176.8,1050.0
2025-10-01,09:18:14.000,176.65,75.0,176.45,176.85,525.0
2025-10-01,09:18:15.000,176.28,150.0,176.05,176.5,600.0
2025-10-01,09:18:16.000,176.28,150.0,176.05,176.5,600.0
2025-10-01,09:18:17.000,176.2,75.0,176.1,176.3,75.0
2025-10-01,09:18:18.000,176.27,150.0,176.1,176.45,525.0
2025-10-01,09:18:19.000,176.15,375.0,175.95,176.35,600.0
2025-10-01,09:18:20.000,176.15,375.0,175.95,176.35,600.0
2025-10-01,09:18:21.000,176.98,300.0,176.75,177.2,600.0
2025-10-01,09:18:22.000,176.88,375.0,176.65,177.1,525.0
2025-10-01,09:18:23.000,177.0,75.0,176.8,177.2,600.0
2025-10-01,09:18:24.000,177.0,75.0,176.8,177.2,600.0
2025-10-01,09:18:25.000,177.1,75.0,176.95,177.25,225.0
2025-10-01,09:18:26.000,176.55,75.0,176.25,176.85,1050.0
2025-10-01,09:18:27.000,177.22,450.0,177.0,177.45,75.0
2025-10-01,09:18:28.000,177.22,450.0,177.0,177.45,75.0
2025-10-01,09:18:29.000,177.68,525.0,177.5,177.85,75.0
2025-10-01,09:18:30.000,177.38,75.0,177.2,177.55,375.0
2025-10-01,09:18:31.000,177.55,525.0,177.4,177.7,300.0
2025-10-01,09:18:32.000,177.55,525.0,177.4,177.7,300.0
2025-10-01,09:18:33.000,178.25,225.0,178.05,178.45,300.0
2025-10-01,09:18:34.000,178.45,75.0,178.35,178.55,750.0
2025-10-01,09:18:35.000,178.23,525.0,178.05,178.4,75.0
2025-10-01,09:18:36.000,178.23,525.0,178.05,178.4,75.0
2025-10-01,09:18:37.000,178.12,300.0,177.9,178.35,300.0
2025-10-01,09:18:38.000,177.58,75.0,177.35,177.8,525.0
2025-10-01,09:18:39.000,178.12,675.0,177.9,178.35,300.0
2025-10-01,09:18:40.000,178.12,675.0,177.9,178.35,300.0
2025-10-01,09:18:41.000,177.82,300.0,177.6,178.05,525.0
2025-10-01,09:18:42.000,177.48,375.0,177.25,177.7,600.0
2025-10-01,09:18:43.000,177.48,375.0,177.25,177.7,600.0
2025-10-01,09:18:44.000,177.1,300.0,176.85,177.35,900.0
2025-10-01,09:18:45.000,176.92,450.0,176.75,177.1,75.0
2025-10-01,09:18:46.000,176.92,450.0,176.75,177.1,75.0
2025-10-01,09:18:47.000,177.38,225.0,177.1,177.65,525.0
2025-10-01,09:18:48.000,177.9,75.0,177.65,178.15,300.0
2025-10-01,09:18:49.000,177.9,75.0,177.65,178.15,300.0
2025-10-01,09:18:50.000,177.88,75.0,177.65,178.1,300.0
2025-10-01,09:18:51.000,177.88,75.0,177.65,178.1,300.0
2025-10-01,09:18:52.000,177.88,225.0,177.75,178.0,75.0
2025-10-01,09:18:53.000,178.42,375.0,178.35,178.5,300.0
2025-10-01,09:18:54.000,178.42,375.0,178.35,178.5,300.0
2025-10-01,09:18:55.000,178.55,225.0,178.35,178.75,525.0
2025-10-01,09:18:56.000,178.55,225.0,178.35,178.75,525.0
2025-10-01,09:18:57.000,178.1,75.0,177.9,178.3,525.0
2025-10-01,09:18:58.000,178.75,375.0,178.55,178.95,300.0
2025-10-01,09:18:59.000,178.75,375.0,178.55,178.95,300.0
2025-10-01,09:19:00.000,178.68,150.0,178.5,178.85,300.0
2025-10-01,09:19:01.000,178.68,150.0,178.5,178.85,300.0
2025-10-01,09:19:02.000,179.58,300.0,179.4,179.75,300.0
2025-10-01,09:19:03.000,179.3,75.0,179.1,179.5,300.0
2025-10-01,09:19:04.000,179.3,75.0,179.1,179.5,300.0
2025-10-01,09:19:05.000,179.22,750.0,179.1,179.35,75.0
2025-10-01,09:19:06.000,179.65,75.0,179.45,179.85,450.0
2025-10-01,09:19:07.000,179.65,75.0,179.45,179.85,450.0
2025-10-01,09:19:08.000,179.2,1125.0,179.0,179.4,75.0
2025-10-01,09:19:09.000,179.2,1125.0,179.0,179.4,75.0
2025-10-01,09:19:10.000,179.02,525.0,178.8,179.25,600.0
2025-10-01,09:19:11.000,179.02,525.0,178.8,179.25,600.0
2025-10-01,09:19:12.000,179.75,75.0,179.65,179.85,75.0
2025-10-01,09:19:13.000,179.8,75.0,179.6,180.0,525.0
2025-10-01,09:19:14.000,179.8,75.0,179.6,180.0,525.0
2025-10-01,09:19:15.000,180.02,225.0,179.8,180.25,525.0
2025-10-01,09:19:16.000,179.85,300.0,179.65,180.05,300.0
2025-10-01,09:19:17.000,179.85,300.0,179.65,180.05,300.0
2025-10-01,09:19:18.000,179.4,75.0,179.3,179.5,75.0
2025-10-01,09:19:19.000,179.4,75.0,179.3,179.5,75.0
2025-10-01,09:19:20.000,180.6,150.0,180.4,180.8,300.0
2025-10-01,09:19:21.000,181.3,75.0,181.1,181.5,150.0
2025-10-01,09:19:22.000,181.3,75.0,181.1,181.5,150.0
2025-10-01,09:19:23.000,181.22,300.0,181.0,181.45,225.0
2025-10-01,09:19:24.000,181.22,300.0,181.0,181.45,225.0
2025-10-01,09:19:25.000,180.92,300.0,180.7,181.15,75.0
2025-10-01,09:19:26.000,179.88,300.0,179.55,180.2,300.0
2025-10-01,09:19:27.000,179.88,300.0,179.55,180.2,300.0
2025-10-01,09:19:28.000,179.8,300.0,179.55,180.05,300.0
2025-10-01,09:19:29.000,180.18,675.0,179.95,180.4,75.0
2025-10-01,09:19:30.000,180.18,675.0,179.95,180.4,75.0
2025-10-01,09:19:31.000,179.12,75.0,178.9,179.35,900.0
2025-10-01,09:19:32.000,179.12,75.0,178.9,179.35,900.0
2025-10-01,09:19:33.000,179.95,375.0,179.75,180.15,75.0
2025-10-01,09:19:34.000,179.62,75.0,179.45,179.8,600.0
2025-10-01,09:19:35.000,179.62,75.0,179.45,179.8,600.0
2025-10-01,09:19:36.000,179.7,150.0,179.45,179.95,750.0
2025-10-01,09:19:37.000,179.7,150.0,179.45,179.95,750.0
2025-10-01,09:19:38.000,179.55,75.0,179.4,179.7,675.0
2025-10-01,09:19:39.000,179.75,300.0,179.45,180.05,525.0
2025-10-01,09:19:40.000,179.75,300.0,179.45,180.05,525.0
2025-10-01,09:19:41.000,179.7,150.0,179.5,179.9,600.0
2025-10-01,09:19:42.000,179.32,75.0,179.15,179.5,150.0
2025-10-01,09:19:43.000,179.32,75.0,179.15,179.5,150.0
2025-10-01,09:19:44.000,179.52,300.0,179.3,179.75,675.0
2025-10-01,09:19:45.000,179.52,300.0,179.3,179.75,675.0
2025-10-01,09:19:46.000,178.9,600.0,178.7,179.1,375.0
2025-10-01,09:19:47.000,179.52,300.0,179.3,179.75,450.0
2025-10-01,09:19:48.000,179.52,300.0,179.3,179.75,450.0
2025-10-01,09:19:49.000,180.18,525.0,179.9,180.45,75.0
2025-10-01,09:19:50.000,180.18,525.0,179.9,180.45,75.0
2025-10-01,09:19:51.000,180.78,600.0,180.55,181.0,225.0
2025-10-01,09:19:52.000,181.0,150.0,180.8,181.2,1050.0
2025-10-01,09:19:53.000,181.0,150.0,180.8,181.2,1050.0
2025-10-01,09:19:54.000,181.55,75.0,181.35,181.75,300.0
2025-10-01,09:19:55.000,181.55,75.0,181.35,181.75,300.0
2025-10-01,09:19:56.000,181.15,75.0,181.0,181.3,225.0
2025-10-01,09:19:57.000,181.7,150.0,181.5,181.9,525.0
2025-10-01,09:19:58.000,181.7,150.0,181.5,181.9,525.0
2025-10-01,09:19:59.000,182.38,225.0,182.25,182.5,75.0
2025-10-01,09:20:00.000,182.62,150.0,182.4,182.85,75.0
2025-10-01,09:20:01.000,182.62,150.0,182.4,182.85,75.0
2025-10-01,09:20:02.000,182.73,225.0,182.55,182.9,600.0
2025-10-01,09:20:03.000,182.73,225.0,182.55,182.9,600.0
2025-10-01,09:20:04.000,183.3,150.0,183.15,183.45,300.0
2025-10-01,09:20:05.000,183.32,75.0,183.15,183.5,225.0
2025-10-01,09:20:06.000,183.32,75.0,183.15,183.5,225.0
2025-10-01,09:20:07.000,183.48,75.0,183.25,183.7,225.0
2025-10-01,09:20:08.000,183.48,75.0,183.25,183.7,225.0
2025-10-01,09:20:09.000,183.32,75.0,183.2,183.45,300.0
2025-10-01,09:20:10.000,183.0,600.0,182.9,183.1,225.0
2025-10-01,09:20:11.000,183.0,600.0,182.9,183.1,225.0
2025-10-01,09:20:12.000,183.55,225.0,183.4,183.7,225.0
2025-10-01,09:20:13.000,183.55,225.0,183.4,183.7,225.0
2025-10-01,09:20:14.000,183.48,75.0,183.25,183.7,75.0
2025-10-01,09:20:15.000,184.18,75.0,184.0,184.35,75.0
2025-10-01,09:20:16.000,184.18,75.0,184.0,184.35,75.0
2025-10-01,09:20:17.000,184.05,75.0,183.85,184.25,525.0
2025-10-01,09:20:18.000,184.05,75.0,183.85,184.25,525.0
2025-10-01,09:20:19.000,184.28,225.0,184.05,184.5,1050.0
2025-10-01,09:20:20.000,185.9,450.0,185.65,186.15,300.0
2025-10-01,09:20:21.000,185.9,450.0,185.65,186.15,300.0
2025-10-01,09:20:22.000,185.35,525.0,185.1,185.6,600.0
2025-10-01,09:20:23.000,185.68,75.0,185.5,185.85,375.0
2025-10-01,09:20:24.000,185.68,75.0,185.5,185.85,375.0
2025-10-01,09:20:25.000,186.05,375.0,185.85,186.25,75.0
2025-10-01,09:20:26.000,186.05,375.0,185.85,186.25,75.0
2025-10-01,09:20:27.000,185.92,150.0,185.65,186.2,525.0
2025-10-01,09:20:28.000,185.3,75.0,185.1,185.5,525.0
2025-10-01,09:20:29.000,185.3,75.0,185.1,185.5,525.0
2025-10-01,09:20:30.000,184.8,225.0,184.6,185.0,300.0
2025-10-01,09:20:31.000,184.8,225.0,184.6,185.0,300.0
2025-10-01,09:20:32.000,184.5,600.0,184.25,184.75,75.0
2025-10-01,09:20:33.000,183.88,375.0,183.7,184.05,75.0
2025-10-01,09:20:34.000,183.88,375.0,183.7,184.05,75.0
2025-10-01,09:20:35.000,184.12,150.0,183.95,184.3,75.0
2025-10-01,09:20:36.000,184.12,150.0,183.95,184.3,75.0
2025-10-01,09:20:37.000,184.45,225.0,184.3,184.6,75.0
2025-10-01,09:20:38.000,184.92,225.0,184.7,185.15,450.0
2025-10-01,09:20:39.000,184.92,225.0,184.7,185.15,450.0
2025-10-01,09:20:40.000,185.0,450.0,184.8,185.2,300.0
2025-10-01,09:20:41.000,185.0,450.0,184.8,185.2,300.0
2025-10-01,09:20:42.000,183.8,150.0,183.55,184.05,225.0
2025-10-01,09:20:43.000,183.25,225.0,183.05,183.45,375.0
2025-10-01,09:20:44.000,183.25,225.0,183.05,183.45,375.0
2025-10-01,09:20:45.000,183.98,450.0,183.75,184.2,300.0
2025-10-01,09:20:46.000,183.98,450.0,183.75,184.2,300.0
2025-10-01,09:20:47.000,184.28,450.0,184.05,184.5,525.0
2025-10-01,09:20:48.000,184.22,75.0,184.0,184.45,450.0
2025-10-01,09:20:49.000,184.22,75.0,184.0,184.45,450.0
2025-10-01,09:20:50.000,183.8,600.0,183.55,184.05,525.0
2025-10-01,09:20:51.000,183.8,600.0,183.55,184.05,525.0
2025-10-01,09:20:52.000,183.98,300.0,183.75,184.2,600.0
2025-10-01,09:20:53.000,183.48,300.0,183.2,183.75,450.0
2025-10-01,09:20:54.000,183.48,300.0,183.2,183.75,450.0
2025-10-01,09:20:55.000,182.92,450.0,182.7,183.15,225.0
2025-10-01,09:20:56.000,182.92,450.0,182.7,183.15,225.0
2025-10-01,09:20:57.000,181.38,450.0,181.1,181.65,375.0
2025-10-01,09:20:58.000,181.68,225.0,181.45,181.9,525.0
2025-10-01,09:20:59.000,181.68,225.0,181.45,181.9,525.0
2025-10-01,09:21:00.000,180.98,375.0,180.75,181.2,300.0
2025-10-01,09:21:01.000,180.98,375.0,180.75,181.2,300.0
2025-10-01,09:21:02.000,182.28,75.0,182.05,182.5,225.0
2025-10-01,09:21:03.000,182.65,225.0,182.5,182.8,225.0
2025-10-01,09:21:04.000,182.65,225.0,182.5,182.8,225.0
2025-10-01,09:21:05.000,182.98,75.0,182.75,183.2,225.0
2025-10-01,09:21:06.000,182.98,75.0,182.75,183.2,225.0
2025-10-01,09:21:07.000,182.62,300.0,182.35,182.9,900.0
2025-10-01,09:21:08.000,182.08,300.0,181.8,182.35,450.0
2025-10-01,09:21:09.000,182.08,300.0,181.8,182.35,450.0
2025-10-01,09:21:10.000,182.1,225.0,181.85,182.35,375.0
2025-10-01,09:21:11.000,182.1,225.0,181.85,182.35,375.0
2025-10-01,09:21:12.000,182.42,150.0,182.2,182.65,75.0
2025-10-01,09:21:13.000,182.05,225.0,181.8,182.3,600.0
2025-10-01,09:21:14.000,182.05,225.0,181.8,182.3,600.0
2025-10-01,09:21:15.000,181.42,375.0,181.2,181.65,225.0
2025-10-01,09:21:16.000,181.42,375.0,181.2,181.65,225.0
2025-10-01,09:21:17.000,180.25,675.0,180.0,180.5,600.0
2025-10-01,09:21:18.000,180.92,450.0,180.75,181.1,75.0
2025-10-01,09:21:19.000,180.92,450.0,180.75,181.1,75.0
2025-10-01,09:21:20.000,180.68,525.0,180.4,180.95,750.0
2025-10-01,09:21:21.000,180.68,525.0,180.4,180.95,750.0
2025-10-01,09:21:22.000,181.68,300.0,181.45,181.9,225.0
2025-10-01,09:21:23.000,181.9,75.0,181.75,182.05,75.0
2025-10-01,09:21:24.000,181.9,75.0,181.75,182.05,75.0
2025-10-01,09:21:25.000,182.8,525.0,182.6,183.0,150.0
2025-10-01,09:21:26.000,182.8,525.0,182.6,183.0,150.0
2025-10-01,09:21:27.000,183.2,225.0,182.95,183.45,375.0
2025-10-01,09:21:28.000,183.38,75.0,183.2,183.55,600.0
2025-10-01,09:21:29.000,183.38,75.0,183.2,183.55,600.0
2025-10-01,09:21:30.000,183.73,75.0,183.55,183.9,675.0
2025-10-01,09:21:31.000,183.73,75.0,183.55,183.9,675.0
2025-10-01,09:21:32.000,182.9,450.0,182.65,183.15,600.0
2025-10-01,09:21:33.000,182.52,75.0,182.3,182.75,225.0
2025-10-01,09:21:34.000,182.52,75.0,182.3,182.75,225.0
2025-10-01,09:21:35.000,182.73,150.0,182.55,182.9,825.0
2025-10-01,09:21:36.000,182.73,150.0,182.55,182.9,825.0
2025-10-01,09:21:37.000,182.5,75.0,182.3,182.7,600.0
2025-10-01,09:21:38.000,182.12,300.0,181.9,182.35,300.0
2025-10-01,09:21:39.000,182.12,300.0,181.9,182.35,300.0
2025-10-01,09:21:40.000,182.15,225.0,181.95,182.35,75.0
2025-10-01,09:21:41.000,182.15,225.0,181.95,182.35,75.0
2025-10-01,09:21:42.000,182.15,225.0,181.95,182.35,75.0
2025-10-01,09:21:43.000,181.72,75.0,181.5,181.95,375.0
2025-10-01,09:21:44.000,181.72,75.0,181.5,181.95,375.0
2025-10-01,09:21:45.000,181.82,525.0,181.65,182.0,75.0
2025-10-01,09:21:46.000,181.82,525.0,181.65,182.0,75.0
2025-10-01,09:21:47.000,182.05,75.0,181.8,182.3,450.0
2025-10-01,09:21:48.000,181.62,225.0,181.35,181.9,750.0
2025-10-01,09:21:49.000,181.62,225.0,181.35,181.9,750.0
2025-10-01,09:21:50.000,181.55,75.0,181.3,181.8,975.0
2025-10-01,09:21:51.000,181.55,75.0,181.3,181.8,975.0
2025-10-01,09:21:52.000,181.4,525.0,181.15,181.65,75.0
2025-10-01,09:21:53.000,181.75,750.0,181.5,182.0,75.0
2025-10-01,09:21:54.000,181.75,750.0,181.5,182.0,75.0
2025-10-01,09:21:55.000,181.72,450.0,181.45,182.0,375.0
2025-10-01,09:21:56.000,181.72,450.0,181.45,182.0,375.0
2025-10-01,09:21:57.000,181.25,150.0,180.95,181.55,300.0
2025-10-01,09:21:58.000,180.52,750.0,180.25,180.8,375.0
2025-10-01,09:21:59.000,180.52,750.0,180.25,180.8,375.0
2025-10-01,09:22:00.000,180.25,150.0,180.05,180.45,525.0
2025-10-01,09:22:01.000,180.25,150.0,180.05,180.45,525.0
2025-10-01,09:22:02.000,180.1,225.0,179.85,180.35,450.0
2025-10-01,09:22:03.000,180.4,525.0,180.15,180.65,450.0
2025-10-01,09:22:04.000,180.4,525.0,180.15,180.65,450.0
2025-10-01,09:22:05.000,179.55,300.0,179.5,179.6,75.0
2025-10-01,09:22:06.000,179.55,300.0,179.5,179.6,75.0
2025-10-01,09:22:07.000,179.65,225.0,179.5,179.8,225.0
2025-10-01,09:22:08.000,179.78,1050.0,179.5,180.05,225.0
2025-10-01,09:22:09.000,179.78,1050.0,179.5,180.05,225.0
2025-10-01,09:22:10.000,179.68,450.0,179.5,179.85,375.0
2025-10-01,09:22:11.000,179.68,450.0,179.5,179.85,375.0
2025-10-01,09:22:12.000,179.98,75.0,179.75,180.2,525.0
2025-10-01,09:22:13.000,179.68,375.0,179.5,179.85,600.0
2025-10-01,09:22:14.000,179.68,375.0,179.5,179.85,600.0
2025-10-01,09:22:15.000,179.78,1125.0,179.55,180.0,1500.0
2025-10-01,09:22:16.000,179.78,1125.0,179.55,180.0,1500.0
2025-10-01,09:22:17.000,179.28,75.0,179.15,179.4,150.0
2025-10-01,09:22:18.000,179.05,975.0,178.8,179.3,150.0
2025-10-01,09:22:19.000,179.05,975.0,178.8,179.3,150.0
2025-10-01,09:22:20.000,179.3,75.0,179.1,179.5,225.0
2025-10-01,09:22:21.000,179.3,75.0,179.1,179.5,225.0
2025-10-01,09:22:22.000,178.75,375.0,178.5,179.0,525.0
2025-10-01,09:22:23.000,179.05,375.0,178.8,179.3,150.0
2025-10-01,09:22:24.000,179.05,375.0,178.8,179.3,150.0
2025-10-01,09:22:25.000,178.68,525.0,178.4,178.95,375.0
2025-10-01,09:22:26.000,178.73,150.0,178.55,178.9,1500.0
2025-10-01,09:22:27.000,178.73,150.0,178.55,178.9,1500.0
2025-10-01,09:22:28.000,178.62,150.0,178.4,178.85,525.0
2025-10-01,09:22:29.000,178.62,150.0,178.4,178.85,525.0
2025-10-01,09:22:30.000,179.35,600.0,179.1,179.6,150.0
2025-10-01,09:22:31.000,179.3,75.0,179.2,179.4,675.0
2025-10-01,09:22:32.000,179.3,75.0,179.2,179.4,675.0
2025-10-01,09:22:33.000,179.28,75.0,179.05,179.5,375.0
2025-10-01,09:22:34.000,179.28,75.0,179.05,179.5,375.0
2025-10-01,09:22:35.000,179.38,300.0,179.15,179.6,150.0
2025-10-01,09:22:36.000,179.48,1200.0,179.2,179.75,525.0
2025-10-01,09:22:37.000,179.48,1200.0,179.2,179.75,525.0
2025-10-01,09:22:38.000,179.65,75.0,179.45,179.85,750.0
2025-10-01,09:22:39.000,179.65,75.0,179.45,179.85,750.0
2025-10-01,09:22:40.000,179.48,225.0,179.25,179.7,600.0
2025-10-01,09:22:41.000,179.58,75.0,179.35,179.8,300.0
2025-10-01,09:22:42.000,179.58,75.0,179.35,179.8,300.0
2025-10-01,09:22:43.000,179.38,75.0,179.15,179.6,600.0
2025-10-01,09:22:44.000,179.22,450.0,179.0,179.45,600.0
2025-10-01,09:22:45.000,179.22,450.0,179.0,179.45,600.0
2025-10-01,09:22:46.000,179.38,525.0,179.1,179.65,600.0
2025-10-01,09:22:47.000,179.38,525.0,179.1,179.65,600.0
2025-10-01,09:22:48.000,178.92,150.0,178.75,179.1,225.0
2025-10-01,09:22:49.000,179.2,525.0,178.95,179.45,450.0
2025-10-01,09:22:50.000,179.2,525.0,178.95,179.45,450.0
2025-10-01,09:22:51.000,179.18,75.0,178.95,179.4,675.0
2025-10-01,09:22:52.000,179.18,75.0,178.95,179.4,675.0
2025-10-01,09:22:53.000,179.6,75.0,179.4,179.8,600.0
2025-10-01,09:22:54.000,179.82,225.0,179.65,180.0,75.0
2025-10-01,09:22:55.000,179.82,225.0,179.65,180.0,75.0
2025-10-01,09:22:56.000,179.68,375.0,179.45,179.9,675.0
2025-10-01,09:22:57.000,179.68,375.0,179.45,179.9,675.0
2025-10-01,09:22:58.000,180.6,150.0,180.35,180.85,300.0
2025-10-01,09:22:59.000,180.23,75.0,180.05,180.4,600.0
2025-10-01,09:23:00.000,180.23,75.0,180.05,180.4,600.0
2025-10-01,09:23:01.000,180.08,600.0,179.9,180.25,225.0
2025-10-01,09:23:02.000,180.08,600.0,179.9,180.25,225.0
2025-10-01,09:23:03.000,180.38,75.0,180.15,180.6,150.0
2025-10-01,09:23:04.000,180.6,675.0,180.35,180.85,675.0
2025-10-01,09:23:05.000,180.6,675.0,180.35,180.85,675.0
2025-10-01,09:23:06.000,180.32,525.0,180.1,180.55,450.0
2025-10-01,09:23:07.000,180.32,525.0,180.1,180.55,450.0
2025-10-01,09:23:08.000,179.8,150.0,179.7,179.9,225.0
2025-10-01,09:23:09.000,180.28,75.0,180.05,180.5,300.0
2025-10-01,09:23:10.000,180.28,75.0,180.05,180.5,300.0
2025-10-01,09:23:11.000,180.32,75.0,180.1,180.55,450.0
2025-10-01,09:23:12.000,180.32,75.0,180.1,180.55,450.0
2025-10-01,09:23:13.000,179.65,300.0,179.4,179.9,1050.0
2025-10-01,09:23:14.000,179.68,300.0,179.5,179.85,375.0
2025-10-01,09:23:15.000,179.68,300.0,179.5,179.85,375.0
2025-10-01,09:23:16.000,179.22,450.0,179.0,179.45,450.0
2025-10-01,09:23:17.000,178.3,600.0,178.0,178.6,525.0
2025-10-01,09:23:18.000,178.3,600.0,178.0,178.6,525.0
2025-10-01,09:23:19.000,178.48,150.0,178.25,178.7,300.0
2025-10-01,09:23:20.000,178.48,150.0,178.25,178.7,300.0
2025-10-01,09:23:21.000,178.68,150.0,178.5,178.85,300.0
2025-10-01,09:23:22.000,179.15,75.0,178.85,179.45,150.0
2025-10-01,09:23:23.000,179.15,75.0,178.85,179.45,150.0
2025-10-01,09:23:24.000,179.15,375.0,178.85,179.45,150.0
2025-10-01,09:23:25.000,179.15,375.0,178.85,179.45,150.0
2025-10-01,09:23:26.000,179.72,225.0,179.5,179.95,225.0
2025-10-01,09:23:27.000,180.05,825.0,179.8,180.3,150.0
2025-10-01,09:23:28.000,180.05,825.0,179.8,180.3,150.0
2025-10-01,09:23:29.000,180.18,225.0,180.0,180.35,150.0
2025-10-01,09:23:30.000,180.18,225.0,180.0,180.35,150.0
2025-10-01,09:23:31.000,179.35,450.0,179.1,179.6,150.0
2025-10-01,09:23:32.000,179.35,450.0,179.1,179.6,150.0
2025-10-01,09:23:33.000,179.05,600.0,178.75,179.35,450.0
2025-10-01,09:23:34.000,179.08,75.0,178.85,179.3,150.0
2025-10-01,09:23:35.000,179.08,75.0,178.85,179.3,150.0
2025-10-01,09:23:36.000,178.72,225.0,178.5,178.95,600.0
2025-10-01,09:23:37.000,178.72,225.0,178.5,178.95,600.0
2025-10-01,09:23:38.000,179.75,75.0,179.5,180.0,300.0
2025-10-01,09:23:39.000,179.7,150.0,179.45,179.95,225.0
2025-10-01,09:23:40.000,179.7,150.0,179.45,179.95,225.0
2025-10-01,09:23:41.000,179.6,75.0,179.45,179.75,225.0
2025-10-01,09:23:42.000,179.6,75.0,179.45,179.75,225.0
2025-10-01,09:23:43.000,179.18,150.0,178.95,179.4,525.0
2025-10-01,09:23:44.000,179.15,150.0,178.95,179.35,150.0
2025-10-01,09:23:45.000,179.15,150.0,178.95,179.35,150.0
2025-10-01,09:23:46.000,179.52,75.0,179.3,179.75,300.0
2025-10-01,09:23:47.000,179.52,75.0,179.3,179.75,300.0
2025-10-01,09:23:48.000,179.15,75.0,178.95,179.35,150.0
2025-10-01,09:23:49.000,178.92,75.0,178.7,179.15,225.0
2025-10-01,09:23:50.000,178.92,75.0,178.7,179.15,225.0
2025-10-01,09:23:51.000,178.78,75.0,178.55,179.0,900.0
2025-10-01,09:23:52.000,178.78,75.0,178.55,179.0,900.0
2025-10-01,09:23:53.000,178.2,75.0,178.0,178.4,900.0
2025-10-01,09:23:54.000,177.8,4500.0,177.65,177.95,375.0
2025-10-01,09:23:55.000,177.8,4500.0,177.65,177.95,375.0
2025-10-01,09:23:56.000,177.28,75.0,177.05,177.5,375.0
2025-10-01,09:23:57.000,177.28,75.0,177.05,177.5,375.0
2025-10-01,09:23:58.000,177.78,300.0,177.5,178.05,375.0
2025-10-01,09:23:59.000,177.3,75.0,177.05,177.55,75.0
2025-10-01,09:24:00.000,177.3,75.0,177.05,177.55,75.0
2025-10-01,09:24:01.000,177.42,450.0,177.2,177.65,375.0
2025-10-01,09:24:02.000,177.42,450.0,177.2,177.65,375.0
2025-10-01,09:24:03.000,177.32,75.0,177.15,177.5,450.0
2025-10-01,09:24:04.000,177.48,75.0,177.3,177.65,1425.0
2025-10-01,09:24:05.000,177.48,75.0,177.3,177.65,1425.0
2025-10-01,09:24:06.000,177.42,300.0,177.2,177.65,900.0
2025-10-01,09:24:07.000,177.42,300.0,177.2,177.65,900.0
2025-10-01,09:24:08.000,176.92,150.0,176.7,177.15,300.0
2025-10-01,09:24:09.000,177.4,300.0,177.15,177.65,375.0
2025-10-01,09:24:10.000,177.4,300.0,177.15,177.65,375.0
2025-10-01,09:24:11.000,177.23,150.0,177.05,177.4,525.0
2025-10-01,09:24:12.000,177.23,150.0,177.05,177.4,525.0
2025-10-01,09:24:13.000,177.25,75.0,177.05,177.45,675.0
2025-10-01,09:24:14.000,177.3,600.0,177.05,177.55,375.0
2025-10-01,09:24:15.000,177.3,600.0,177.05,177.55,375.0
2025-10-01,09:24:16.000,177.42,525.0,177.2,177.65,600.0
2025-10-01,09:24:17.000,177.42,525.0,177.2,177.65,600.0
2025-10-01,09:24:18.000,176.9,375.0,176.65,177.15,375.0
2025-10-01,09:24:19.000,176.65,75.0,176.45,176.85,225.0
2025-10-01,09:24:20.000,176.65,75.0,176.45,176.85,225.0
2025-10-01,09:24:21.000,176.72,300.0,176.5,176.95,225.0
2025-10-01,09:24:22.000,176.72,300.0,176.5,176.95,225.0
2025-10-01,09:24:23.000,176.48,75.0,176.25,176.7,825.0
2025-10-01,09:24:24.000,176.58,150.0,176.35,176.8,600.0
2025-10-01,09:24:25.000,176.58,150.0,176.35,176.8,600.0
2025-10-01,09:24:26.000,176.28,150.0,176.05,176.5,225.0
2025-10-01,09:24:27.000,176.28,150.0,176.05,176.5,225.0
2025-10-01,09:24:28.000,176.3,75.0,176.1,176.5,450.0
2025-10-01,09:24:29.000,176.35,225.0,176.15,176.55,300.0
2025-10-01,09:24:30.000,176.35,225.0,176.15,176.55,300.0
2025-10-01,09:24:31.000,176.42,375.0,176.3,176.55,75.0
2025-10-01,09:24:32.000,176.42,375.0,176.3,176.55,75.0
2025-10-01,09:24:33.000,177.18,150.0,176.95,177.4,1125.0
2025-10-01,09:24:34.000,177.45,75.0,177.25,177.65,375.0
2025-10-01,09:24:35.000,177.45,75.0,177.25,177.65,375.0
2025-10-01,09:24:36.000,177.8,75.0,177.65,177.95,750.0
2025-10-01,09:24:37.000,177.8,75.0,177.65,177.95,750.0
2025-10-01,09:24:38.000,178.1,450.0,177.85,178.35,450.0
2025-10-01,09:24:39.000,178.15,75.0,178.0,178.3,150.0
2025-10-01,09:24:40.000,178.15,75.0,178.0,178.3,150.0
2025-10-01,09:24:41.000,178.52,300.0,178.3,178.75,375.0
2025-10-01,09:24:42.000,178.52,300.0,178.3,178.75,375.0
2025-10-01,09:24:43.000,178.0,75.0,177.8,178.2,375.0
2025-10-01,09:24:44.000,177.25,75.0,177.05,177.45,225.0
2025-10-01,09:24:45.000,177.25,75.0,177.05,177.45,225.0
2025-10-01,09:24:46.000,177.45,75.0,177.25,177.65,300.0
2025-10-01,09:24:47.000,177.45,75.0,177.25,177.65,300.0
2025-10-01,09:24:48.000,177.3,525.0,177.05,177.55,300.0
2025-10-01,09:24:49.000,176.82,750.0,176.55,177.1,300.0
2025-10-01,09:24:50.000,176.82,750.0,176.55,177.1,300.0
2025-10-01,09:24:51.000,176.62,75.0,176.55,176.7,75.0
2025-10-01,09:24:52.000,176.62,75.0,176.55,176.7,75.0
2025-10-01,09:24:53.000,176.18,675.0,176.0,176.35,750.0
2025-10-01,09:24:54.000,175.7,75.0,175.5,175.9,975.0
2025-10-01,09:24:55.000,175.7,75.0,175.5,175.9,975.0
2025-10-01,09:24:56.000,175.7,75.0,175.5,175.9,375.0
2025-10-01,09:24:57.000,175.7,75.0,175.5,175.9,375.0
2025-10-01,09:24:58.000,176.2,375.0,176.0,176.4,375.0
2025-10-01,09:24:59.000,175.62,75.0,175.5,175.75,600.0
2025-10-01,09:25:00.000,175.62,75.0,175.5,175.75,600.0
2025-10-01,09:25:01.000,175.23,150.0,175.05,175.4,600.0
2025-10-01,09:25:02.000,175.23,150.0,175.05,175.4,600.0
2025-10-01,09:25:03.000,175.28,150.0,175.05,175.5,525.0
2025-10-01,09:25:04.000,175.05,5175.0,175.0,175.1,525.0
2025-10-01,09:25:05.000,175.05,5175.0,175.0,175.1,525.0
2025-10-01,09:25:06.000,175.48,525.0,175.25,175.7,225.0
2025-10-01,09:25:07.000,176.05,600.0,175.8,176.3,600.0
2025-10-01,09:25:08.000,176.05,600.0,175.8,176.3,600.0
2025-10-01,09:25:09.000,175.6,300.0,175.4,175.8,825.0
2025-10-01,09:25:10.000,175.6,300.0,175.4,175.8,825.0
2025-10-01,09:25:11.000,175.18,750.0,174.9,175.45,600.0
2025-10-01,09:25:12.000,175.0,300.0,174.8,175.2,375.0
2025-10-01,09:25:13.000,175.0,300.0,174.8,175.2,375.0
2025-10-01,09:25:14.000,174.8,900.0,174.55,175.05,225.0
2025-10-01,09:25:15.000,174.8,900.0,174.55,175.05,225.0
2025-10-01,09:25:16.000,174.6,75.0,174.45,174.75,150.0
2025-10-01,09:25:17.000,174.68,150.0,174.45,174.9,300.0
2025-10-01,09:25:18.000,174.68,150.0,174.45,174.9,300.0
2025-10-01,09:25:19.000,174.35,1050.0,174.15,174.55,150.0
2025-10-01,09:25:20.000,174.35,1050.0,174.15,174.55,150.0
2025-10-01,09:25:21.000,174.42,1275.0,174.3,174.55,150.0
2025-10-01,09:25:22.000,174.73,225.0,174.55,174.9,375.0
2025-10-01,09:25:23.000,174.73,225.0,174.55,174.9,375.0
2025-10-01,09:25:24.000,174.35,675.0,174.1,174.6,225.0
2025-10-01,09:25:25.000,174.35,675.0,174.1,174.6,225.0
2025-10-01,09:25:26.000,174.82,300.0,174.6,175.05,600.0
2025-10-01,09:25:27.000,175.1,450.0,174.85,175.35,375.0
2025-10-01,09:25:28.000,175.1,450.0,174.85,175.35,375.0
2025-10-01,09:25:29.000,175.08,225.0,174.85,175.3,450.0
2025-10-01,09:25:30.000,175.08,225.0,174.85,175.3,450.0
2025-10-01,09:25:31.000,175.58,300.0,175.35,175.8,375.0
2025-10-01,09:25:32.000,175.48,600.0,175.25,175.7,225.0
2025-10-01,09:25:33.000,175.48,600.0,175.25,175.7,225.0
2025-10-01,09:25:34.000,175.15,150.0,174.95,175.35,225.0
2025-10-01,09:25:35.000,175.15,150.0,174.95,175.35,225.0
2025-10-01,09:25:36.000,175.02,75.0,174.85,175.2,225.0
2025-10-01,09:25:37.000,175.15,75.0,175.0,175.3,600.0
2025-10-01,09:25:38.000,175.15,75.0,175.0,175.3,600.0
2025-10-01,09:25:39.000,174.12,150.0,173.9,174.35,375.0
2025-10-01,09:25:40.000,174.12,150.0,173.9,174.35,375.0
2025-10-01,09:25:41.000,173.68,150.0,173.5,173.85,450.0
2025-10-01,09:25:42.000,173.68,150.0,173.5,173.85,450.0
2025-10-01,09:25:43.000,173.9,150.0,173.7,174.1,150.0
2025-10-01,09:25:44.000,174.18,150.0,173.95,174.4,150.0
2025-10-01,09:25:45.000,174.18,150.0,173.95,174.4,150.0
2025-10-01,09:25:46.000,174.75,150.0,174.5,175.0,300.0
2025-10-01,09:25:47.000,174.75,150.0,174.5,175.0,300.0
2025-10-01,09:25:48.000,174.15,150.0,173.95,174.35,375.0
2025-10-01,09:25:49.000,174.15,75.0,174.0,174.3,225.0
2025-10-01,09:25:50.000,174.15,75.0,174.0,174.3,225.0
2025-10-01,09:25:51.000,174.23,75.0,174.05,174.4,225.0
2025-10-01,09:25:52.000,174.23,75.0,174.05,174.4,225.0
2025-10-01,09:25:53.000,174.55,75.0,174.4,174.7,150.0
2025-10-01,09:25:54.000,174.48,75.0,174.3,174.65,225.0
2025-10-01,09:25:55.000,174.48,75.0,174.3,174.65,225.0
2025-10-01,09:25:56.000,174.65,225.0,174.45,174.85,225.0
2025-10-01,09:25:57.000,174.65,225.0,174.45,174.85,225.0
2025-10-01,09:25:58.000,175.32,75.0,175.15,175.5,225.0
2025-10-01,09:25:59.000,175.62,225.0,175.4,175.85,450.0
2025-10-01,09:26:00.000,175.62,225.0,175.4,175.85,450.0
2025-10-01,09:26:01.000,175.55,600.0,175.4,175.7,375.0
2025-10-01,09:26:02.000,175.55,600.0,175.4,175.7,375.0
2025-10-01,09:26:03.000,175.42,375.0,175.35,175.5,150.0
2025-10-01,09:26:04.000,175.45,225.0,175.35,175.55,225.0
2025-10-01,09:26:05.000,175.45,225.0,175.35,175.55,225.0
2025-10-01,09:26:06.000,176.25,525.0,176.1,176.4,150.0
2025-10-01,09:26:07.000,176.25,525.0,176.1,176.4,150.0
2025-10-01,09:26:08.000,176.52,225.0,176.35,176.7,150.0
2025-10-01,09:26:09.000,176.52,75.0,176.35,176.7,300.0
2025-10-01,09:26:10.000,176.52,75.0,176.35,176.7,300.0
2025-10-01,09:26:11.000,176.8,150.0,176.6,177.0,300.0
2025-10-01,09:26:12.000,176.8,150.0,176.6,177.0,300.0
2025-10-01,09:26:13.000,176.92,375.0,176.75,177.1,300.0
2025-10-01,09:26:14.000,177.85,75.0,177.7,178.0,150.0
2025-10-01,09:26:15.000,177.85,75.0,177.7,178.0,150.0
2025-10-01,09:26:16.000,178.02,300.0,177.8,178.25,525.0
2025-10-01,09:26:17.000,178.02,300.0,177.8,178.25,525.0
2025-10-01,09:26:18.000,178.18,75.0,178.05,178.3,150.0
2025-10-01,09:26:19.000,177.15,75.0,176.9,177.4,375.0
2025-10-01,09:26:20.000,177.15,75.0,176.9,177.4,375.0
2025-10-01,09:26:21.000,176.25,300.0,176.05,176.45,300.0
2025-10-01,09:26:22.000,176.25,300.0,176.05,176.45,300.0
2025-10-01,09:26:23.000,176.25,75.0,176.05,176.45,600.0
2025-10-01,09:26:24.000,176.28,675.0,176.05,176.5,75.0
2025-10-01,09:26:25.000,176.28,675.0,176.05,176.5,75.0
2025-10-01,09:26:26.000,175.88,375.0,175.65,176.1,375.0
2025-10-01,09:26:27.000,175.88,375.0,175.65,176.1,375.0
2025-10-01,09:26:28.000,175.65,150.0,175.45,175.85,300.0
2025-10-01,09:26:29.000,176.22,375.0,176.0,176.45,450.0
2025-10-01,09:26:30.000,176.22,375.0,176.0,176.45,450.0
2025-10-01,09:26:31.000,176.02,150.0,175.8,176.25,600.0
2025-10-01,09:26:32.000,176.02,150.0,175.8,176.25,600.0
2025-10-01,09:26:33.000,175.85,75.0,175.7,176.0,75.0
2025-10-01,09:26:34.000,176.32,600.0,176.05,176.6,375.0
2025-10-01,09:26:35.000,176.32,600.0,176.05,176.6,375.0
2025-10-01,09:26:36.000,176.28,150.0,176.05,176.5,75.0
2025-10-01,09:26:37.000,176.28,150.0,176.05,176.5,75.0
2025-10-01,09:26:38.000,176.18,750.0,176.0,176.35,450.0
2025-10-01,09:26:39.000,176.02,150.0,175.95,176.1,75.0
2025-10-01,09:26:40.000,176.02,150.0,175.95,176.1,75.0
2025-10-01,09:26:41.000,175.68,150.0,175.5,175.85,300.0
2025-10-01,09:26:42.000,175.68,150.0,175.5,175.85,300.0
2025-10-01,09:26:43.000,174.75,300.0,174.55,174.95,75.0
2025-10-01,09:26:44.000,175.18,225.0,174.95,175.4,150.0
2025-10-01,09:26:45.000,175.18,225.0,174.95,175.4,150.0
2025-10-01,09:26:46.000,175.35,75.0,175.15,175.55,375.0
2025-10-01,09:26:47.000,175.35,75.0,175.15,175.55,375.0
2025-10-01,09:26:48.000,175.45,825.0,175.25,175.65,75.0
2025-10-01,09:26:49.000,175.02,300.0,174.8,175.25,300.0
2025-10-01,09:26:50.000,175.02,300.0,174.8,175.25,300.0
2025-10-01,09:26:51.000,174.38,75.0,174.15,174.6,300.0
2025-10-01,09:26:52.000,174.38,75.0,174.15,174.6,300.0
2025-10-01,09:26:53.000,174.75,75.0,174.55,174.95,300.0
2025-10-01,09:26:54.000,174.77,75.0,174.6,174.95,150.0
2025-10-01,09:26:55.000,174.77,75.0,174.6,174.95,150.0
2025-10-01,09:26:56.000,174.62,300.0,174.4,174.85,300.0
2025-10-01,09:26:57.000,174.62,300.0,174.4,174.85,300.0
2025-10-01,09:26:58.000,174.8,525.0,174.6,175.0,225.0
2025-10-01,09:26:59.000,174.82,375.0,174.65,175.0,150.0
2025-10-01,09:27:00.000,174.82,375.0,174.65,175.0,150.0
2025-10-01,09:27:01.000,174.28,525.0,174.15,174.4,225.0
2025-10-01,09:27:02.000,174.28,525.0,174.15,174.4,225.0
2025-10-01,09:27:03.000,174.7,150.0,174.5,174.9,225.0
2025-10-01,09:27:04.000,174.9,150.0,174.7,175.1,300.0
2025-10-01,09:27:05.000,174.9,150.0,174.7,175.1,300.0
2025-10-01,09:27:06.000,175.23,375.0,175.05,175.4,225.0
2025-10-01,09:27:07.000,175.23,375.0,175.05,175.4,225.0
2025-10-01,09:27:08.000,174.82,600.0,174.6,175.05,300.0
2025-10-01,09:27:09.000,174.78,75.0,174.65,174.9,225.0
2025-10-01,09:27:10.000,174.78,75.0,174.65,174.9,225.0
2025-10-01,09:27:11.000,174.55,75.0,174.35,174.75,375.0
2025-10-01,09:27:12.000,174.55,75.0,174.35,174.75,375.0
2025-10-01,09:27:13.000,174.7,150.0,174.5,174.9,150.0
2025-10-01,09:27:14.000,175.02,300.0,174.8,175.25,225.0
2025-10-01,09:27:15.000,175.02,300.0,174.8,175.25,225.0
2025-10-01,09:27:16.000,174.62,75.0,174.4,174.85,375.0
2025-10-01,09:27:17.000,174.62,75.0,174.4,174.85,375.0
2025-10-01,09:27:18.000,174.5,375.0,174.3,174.7,150.0
2025-10-01,09:27:19.000,175.05,225.0,174.85,175.25,150.0
2025-10-01,09:27:20.000,175.05,225.0,174.85,175.25,150.0
2025-10-01,09:27:21.000,175.05,300.0,174.85,175.25,450.0
2025-10-01,09:27:22.000,175.05,300.0,174.85,175.25,450.0
2025-10-01,09:27:23.000,175.2,150.0,175.0,175.4,300.0
2025-10-01,09:27:24.000,175.28,300.0,175.05,175.5,300.0
2025-10-01,09:27:25.000,175.28,300.0,175.05,175.5,300.0
2025-10-01,09:27:26.000,175.77,225.0,175.6,175.95,150.0
2025-10-01,09:27:27.000,175.77,225.0,175.6,175.95,150.0
2025-10-01,09:27:28.000,175.2,1575.0,175.0,175.4,225.0
2025-10-01,09:27:29.000,174.77,450.0,174.6,174.95,150.0
2025-10-01,09:27:30.000,174.77,450.0,174.6,174.95,150.0
2025-10-01,09:27:31.000,173.62,150.0,173.5,173.75,150.0
2025-10-01,09:27:32.000,173.62,150.0,173.5,173.75,150.0
2025-10-01,09:27:33.000,173.92,225.0,173.75,174.1,150.0
2025-10-01,09:27:34.000,174.02,1200.0,173.8,174.25,150.0
2025-10-01,09:27:35.000,174.02,1200.0,173.8,174.25,150.0
2025-10-01,09:27:36.000,173.92,450.0,173.75,174.1,75.0
2025-10-01,09:27:37.000,173.92,450.0,173.75,174.1,75.0
2025-10-01,09:27:38.000,174.22,375.0,174.0,174.45,225.0
2025-10-01,09:27:39.000,174.35,750.0,174.2,174.5,75.0
2025-10-01,09:27:40.000,174.35,750.0,174.2,174.5,75.0
2025-10-01,09:27:41.000,174.7,375.0,174.5,174.9,375.0
2025-10-01,09:27:42.000,174.7,375.0,174.5,174.9,375.0
2025-10-01,09:27:43.000,175.0,225.0,174.8,175.2,525.0
2025-10-01,09:27:44.000,174.65,450.0,174.45,174.85,300.0
2025-10-01,09:27:45.000,174.65,450.0,174.45,174.85,300.0
2025-10-01,09:27:46.000,174.75,450.0,174.55,174.95,225.0
2025-10-01,09:27:47.000,174.75,450.0,174.55,174.95,225.0
2025-10-01,09:27:48.000,174.5,300.0,174.3,174.7,825.0
2025-10-01,09:27:49.000,174.2,1425.0,174.0,174.4,525.0
2025-10-01,09:27:50.000,174.2,1425.0,174.0,174.4,525.0
2025-10-01,09:27:51.000,174.2,450.0,174.0,174.4,450.0
2025-10-01,09:27:52.000,174.2,450.0,174.0,174.4,450.0
2025-10-01,09:27:53.000,174.73,75.0,174.65,174.8,600.0
2025-10-01,09:27:54.000,174.5,75.0,174.35,174.65,600.0
2025-10-01,09:27:55.000,174.5,75.0,174.35,174.65,600.0
2025-10-01,09:27:56.000,174.8,75.0,174.65,174.95,375.0
2025-10-01,09:27:57.000,174.8,75.0,174.65,174.95,375.0
2025-10-01,09:27:58.000,174.92,150.0,174.7,175.15,225.0
2025-10-01,09:27:59.000,174.85,300.0,174.65,175.05,225.0
2025-10-01,09:28:00.000,174.85,300.0,174.65,175.05,225.0
2025-10-01,09:28:01.000,174.12,450.0,174.0,174.25,375.0
2025-10-01,09:28:02.000,174.12,450.0,174.0,174.25,375.0
2025-10-01,09:28:03.000,173.88,300.0,173.7,174.05,900.0
2025-10-01,09:28:04.000,173.82,375.0,173.65,174.0,75.0
2025-10-01,09:28:05.000,173.82,375.0,173.65,174.0,75.0
2025-10-01,09:28:06.000,174.1,75.0,174.0,174.2,375.0
2025-10-01,09:28:07.000,174.1,75.0,174.0,174.2,375.0
2025-10-01,09:28:08.000,173.52,75.0,173.3,173.75,375.0
2025-10-01,09:28:09.000,173.6,150.0,173.4,173.8,375.0
2025-10-01,09:28:10.000,173.6,150.0,173.4,173.8,375.0
2025-10-01,09:28:11.000,173.48,975.0,173.25,173.7,450.0
2025-10-01,09:28:12.000,173.48,975.0,173.25,173.7,450.0
2025-10-01,09:28:13.000,173.38,75.0,173.2,173.55,375.0
2025-10-01,09:28:14.000,173.48,825.0,173.25,173.7,75.0
2025-10-01,09:28:15.000,173.48,825.0,173.25,173.7,75.0
2025-10-01,09:28:16.000,174.12,525.0,173.9,174.35,375.0
2025-10-01,09:28:17.000,174.12,525.0,173.9,174.35,375.0
2025-10-01,09:28:18.000,173.72,150.0,173.5,173.95,525.0
2025-10-01,09:28:19.000,174.12,375.0,173.9,174.35,300.0
2025-10-01,09:28:20.000,174.12,375.0,173.9,174.35,300.0
2025-10-01,09:28:21.000,174.32,600.0,174.1,174.55,300.0
2025-10-01,09:28:22.000,174.32,600.0,174.1,174.55,300.0
2025-10-01,09:28:23.000,173.98,75.0,173.8,174.15,450.0
2025-10-01,09:28:24.000,173.4,150.0,173.25,173.55,450.0
2025-10-01,09:28:25.000,173.4,150.0,173.25,173.55,450.0
2025-10-01,09:28:26.000,173.38,75.0,173.2,173.55,300.0
2025-10-01,09:28:27.000,173.38,75.0,173.2,173.55,300.0
2025-10-01,09:28:28.000,173.12,300.0,173.0,173.25,225.0
2025-10-01,09:28:29.000,173.15,75.0,172.9,173.4,525.0
2025-10-01,09:28:30.000,173.15,75.0,172.9,173.4,525.0
2025-10-01,09:28:31.000,172.42,600.0,172.25,172.6,150.0
2025-10-01,09:28:32.000,172.42,600.0,172.25,172.6,150.0
2025-10-01,09:28:33.000,172.98,300.0,172.75,173.2,300.0
2025-10-01,09:28:34.000,172.78,75.0,172.55,173.0,525.0
2025-10-01,09:28:35.000,172.78,75.0,172.55,173.0,525.0
2025-10-01,09:28:36.000,172.45,150.0,172.25,172.65,375.0
2025-10-01,09:28:37.000,172.45,150.0,172.25,172.65,375.0
2025-10-01,09:28:38.000,172.3,75.0,172.1,172.5,300.0
2025-10-01,09:28:39.000,172.72,450.0,172.5,172.95,525.0
2025-10-01,09:28:40.000,172.72,450.0,172.5,172.95,525.0
2025-10-01,09:28:41.000,172.6,225.0,172.35,172.85,300.0
2025-10-01,09:28:42.000,172.6,225.0,172.35,172.85,300.0
2025-10-01,09:28:43.000,172.77,75.0,172.6,172.95,375.0
2025-10-01,09:28:44.000,172.55,75.0,172.4,172.7,150.0
2025-10-01,09:28:45.000,172.55,75.0,172.4,172.7,150.0
2025-10-01,09:28:46.000,172.48,75.0,172.3,172.65,300.0
2025-10-01,09:28:47.000,172.48,75.0,172.3,172.65,300.0
2025-10-01,09:28:48.000,172.35,300.0,172.2,172.5,75.0
2025-10-01,09:28:49.000,172.6,1350.0,172.4,172.8,525.0
2025-10-01,09:28:50.000,172.6,1350.0,172.4,172.8,525.0
2025-10-01,09:28:51.000,172.9,75.0,172.8,173.0,75.0
2025-10-01,09:28:52.000,173.15,75.0,173.0,173.3,375.0
2025-10-01,09:28:53.000,173.15,75.0,173.0,173.3,375.0
2025-10-01,09:28:54.000,172.9,75.0,172.8,173.0,450.0
2025-10-01,09:28:55.000,172.9,75.0,172.8,173.0,450.0
2025-10-01,09:28:56.000,172.85,75.0,172.65,173.05,300.0
2025-10-01,09:28:57.000,173.02,375.0,172.8,173.25,375.0
2025-10-01,09:28:58.000,173.02,375.0,172.8,173.25,375.0
2025-10-01,09:28:59.000,173.08,300.0,172.85,173.3,225.0
2025-10-01,09:29:00.000,173.08,300.0,172.85,173.3,225.0
2025-10-01,09:29:01.000,172.9,75.0,172.7,173.1,225.0
2025-10-01,09:29:02.000,173.42,225.0,173.2,173.65,375.0
2025-10-01,09:29:03.000,173.42,225.0,173.2,173.65,375.0
2025-10-01,09:29:04.000,173.0,375.0,172.8,173.2,375.0
2025-10-01,09:29:05.000,173.0,375.0,172.8,173.2,375.0
2025-10-01,09:29:06.000,173.05,450.0,172.85,173.25,375.0
2025-10-01,09:29:07.000,173.2,450.0,173.0,173.4,225.0
2025-10-01,09:29:08.000,173.2,450.0,173.0,173.4,225.0
2025-10-01,09:29:09.000,173.02,225.0,172.8,173.25,375.0
2025-10-01,09:29:10.000,173.02,225.0,172.8,173.25,375.0
2025-10-01,09:29:11.000,173.32,375.0,173.1,173.55,75.0
2025-10-01,09:29:12.000,172.8,225.0,172.6,173.0,75.0
2025-10-01,09:29:13.000,172.8,225.0,172.6,173.0,75.0
2025-10-01,09:29:14.000,172.8,75.0,172.6,173.0,75.0
2025-10-01,09:29:15.000,172.8,75.0,172.6,173.0,75.0
2025-10-01,09:29:16.000,172.8,600.0,172.55,173.05,75.0
2025-10-01,09:29:17.000,173.42,75.0,173.2,173.65,750.0
2025-10-01,09:29:18.000,173.42,75.0,173.2,173.65,750.0
2025-10-01,09:29:19.000,173.15,375.0,172.95,173.35,150.0
2025-10-01,09:29:20.000,173.15,375.0,172.95,173.35,150.0
2025-10-01,09:29:21.000,172.95,75.0,172.8,173.1,150.0
2025-10-01,09:29:22.000,171.55,75.0,171.35,171.75,300.0
2025-10-01,09:29:23.000,171.55,75.0,171.35,171.75,300.0
2025-10-01,09:29:24.000,172.02,75.0,171.85,172.2,225.0
2025-10-01,09:29:25.000,172.02,75.0,171.85,172.2,225.0
2025-10-01,09:29:26.000,171.65,525.0,171.5,171.8,150.0
2025-10-01,09:29:27.000,171.88,300.0,171.65,172.1,450.0
2025-10-01,09:29:28.000,171.88,300.0,171.65,172.1,450.0
2025-10-01,09:29:29.000,171.68,375.0,171.5,171.85,375.0
2025-10-01,09:29:30.000,171.68,375.0,171.5,171.85,375.0
2025-10-01,09:29:31.000,171.5,525.0,171.3,171.7,225.0
2025-10-01,09:29:32.000,171.7,225.0,171.5,171.9,450.0
2025-10-01,09:29:33.000,171.7,225.0,171.5,171.9,450.0
2025-10-01,09:29:34.000,171.55,75.0,171.4,171.7,375.0
2025-10-01,09:29:35.000,171.55,75.0,171.4,171.7,375.0
2025-10-01,09:29:36.000,171.5,75.0,171.4,171.6,150.0
2025-10-01,09:29:37.000,171.5,75.0,171.4,171.6,600.0
2025-10-01,09:29:38.000,171.5,75.0,171.4,171.6,600.0
2025-10-01,09:29:39.000,170.82,375.0,170.6,171.05,300.0
2025-10-01,09:29:40.000,170.82,375.0,170.6,171.05,300.0
2025-10-01,09:29:41.000,170.7,225.0,170.5,170.9,75.0
2025-10-01,09:29:42.000,171.08,300.0,170.85,171.3,600.0
2025-10-01,09:29:43.000,171.08,300.0,170.85,171.3,600.0
2025-10-01,09:29:44.000,170.92,150.0,170.75,171.1,450.0
2025-10-01,09:29:45.000,170.92,150.0,170.75,171.1,450.0
2025-10-01,09:29:46.000,170.95,150.0,170.8,171.1,150.0
2025-10-01,09:29:47.000,170.88,75.0,170.7,171.05,150.0
2025-10-01,09:29:48.000,170.88,75.0,170.7,171.05,150.0
2025-10-01,09:29:49.000,171.0,300.0,170.8,171.2,225.0
2025-10-01,09:29:50.000,171.0,300.0,170.8,171.2,225.0
2025-10-01,09:29:51.000,171.6,150.0,171.4,171.8,375.0
2025-10-01,09:29:52.000,171.15,150.0,171.0,171.3,600.0
2025-10-01,09:29:53.000,171.15,150.0,171.0,171.3,600.0
2025-10-01,09:29:54.000,170.4,150.0,170.2,170.6,375.0
2025-10-01,09:29:55.000,170.4,150.0,170.2,170.6,375.0
2025-10-01,09:29:56.000,170.4,375.0,170.2,170.6,375.0
2025-10-01,09:29:57.000,170.35,225.0,170.15,170.55,375.0
2025-10-01,09:29:58.000,170.35,225.0,170.15,170.55,375.0
2025-10-01,09:29:59.000,170.35,1050.0,170.1,170.6,675.0
2025-10-01,09:30:00.000,170.35,1050.0,170.1,170.6,675.0
2025-10-01,09:30:01.000,170.73,375.0,170.55,170.9,225.0
2025-10-01,09:30:02.000,170.48,150.0,170.25,170.7,150.0
2025-10-01,09:30:03.000,170.48,150.0,170.25,170.7,150.0
2025-10-01,09:30:04.000,170.2,450.0,170.0,170.4,375.0
2025-10-01,09:30:05.000,170.2,450.0,170.0,170.4,375.0
2025-10-01,09:30:06.000,170.22,75.0,170.1,170.35,600.0
2025-10-01,09:30:07.000,170.0,675.0,169.75,170.25,525.0
2025-10-01,09:30:08.000,170.0,675.0,169.75,170.25,525.0
2025-10-01,09:30:09.000,169.78,375.0,169.55,170.0,150.0
2025-10-01,09:30:10.000,169.78,375.0,169.55,170.0,150.0
2025-10-01,09:30:11.000,169.38,150.0,169.25,169.5,150.0
2025-10-01,09:30:12.000,169.78,75.0,169.55,170.0,225.0
2025-10-01,09:30:13.000,169.78,75.0,169.55,170.0,225.0
2025-10-01,09:30:14.000,169.42,225.0,169.25,169.6,525.0
2025-10-01,09:30:15.000,169.42,225.0,169.25,169.6,525.0
2025-10-01,09:30:16.000,168.4,375.0,168.25,168.55,75.0
2025-10-01,09:30:17.000,168.18,225.0,168.1,168.25,75.0
2025-10-01,09:30:18.000,168.18,225.0,168.1,168.25,75.0
2025-10-01,09:30:19.000,168.05,75.0,167.95,168.15,75.0
2025-10-01,09:30:20.000,168.05,75.0,167.95,168.15,75.0
2025-10-01,09:30:21.000,167.65,150.0,167.45,167.85,150.0
2025-10-01,09:30:22.000,168.15,150.0,168.0,168.3,375.0
2025-10-01,09:30:23.000,168.15,150.0,168.0,168.3,375.0
2025-10-01,09:30:24.000,168.48,150.0,168.3,168.65,150.0
2025-10-01,09:30:25.000,168.3,75.0,168.2,168.4,450.0
2025-10-01,09:30:26.000,168.3,75.0,168.2,168.4,450.0
2025-10-01,09:30:27.000,168.5,225.0,168.3,168.7,225.0
2025-10-01,09:30:28.000,168.5,225.0,168.3,168.7,225.0
2025-10-01,09:30:29.000,168.72,300.0,168.5,168.95,75.0
2025-10-01,09:30:30.000,167.98,150.0,167.75,168.2,225.0
2025-10-01,09:30:31.000,167.98,150.0,167.75,168.2,225.0
2025-10-01,09:30:32.000,167.85,375.0,167.65,168.05,75.0
2025-10-01,09:30:33.000,167.85,375.0,167.65,168.05,75.0
2025-10-01,09:30:34.000,167.68,150.0,167.5,167.85,225.0
2025-10-01,09:30:35.000,167.5,150.0,167.3,167.7,225.0
2025-10-01,09:30:36.000,167.5,150.0,167.3,167.7,225.0
2025-10-01,09:30:37.000,167.4,75.0,167.3,167.5,225.0
2025-10-01,09:30:38.000,167.4,75.0,167.3,167.5,225.0
2025-10-01,09:30:39.000,167.3,600.0,167.1,167.5,225.0
2025-10-01,09:30:40.000,166.9,75.0,166.7,167.1,750.0
2025-10-01,09:30:41.000,166.9,75.0,166.7,167.1,750.0
2025-10-01,09:30:42.000,166.22,150.0,166.1,166.35,375.0
2025-10-01,09:30:43.000,166.22,150.0,166.1,166.35,375.0
2025-10-01,09:30:44.000,166.25,150.0,166.05,166.45,75.0
2025-10-01,09:30:45.000,166.02,300.0,165.8,166.25,75.0
2025-10-01,09:30:46.000,166.02,300.0,165.8,166.25,75.0
2025-10-01,09:30:47.000,165.68,525.0,165.5,165.85,225.0
2025-10-01,09:30:48.000,165.68,525.0,165.5,165.85,225.0
2025-10-01,09:30:49.000,165.22,150.0,165.2,165.25,300.0
2025-10-01,09:30:50.000,165.75,75.0,165.55,165.95,375.0
2025-10-01,09:30:51.000,165.75,75.0,165.55,165.95,375.0
2025-10-01,09:30:52.000,165.92,300.0,165.75,166.1,675.0
2025-10-01,09:30:53.000,165.92,300.0,165.75,166.1,675.0
2025-10-01,09:30:54.000,165.6,75.0,165.4,165.8,300.0
2025-10-01,09:30:55.000,165.38,75.0,165.2,165.55,225.0
2025-10-01,09:30:56.000,165.38,75.0,165.2,165.55,225.0
2025-10-01,09:30:57.000,165.52,600.0,165.35,165.7,75.0
2025-10-01,09:30:58.000,165.52,600.0,165.35,165.7,75.0
2025-10-01,09:30:59.000,165.45,375.0,165.25,165.65,300.0
2025-10-01,09:31:00.000,165.58,225.0,165.4,165.75,375.0
2025-10-01,09:31:01.000,165.58,225.0,165.4,165.75,375.0
2025-10-01,09:31:02.000,165.5,300.0,165.3,165.7,225.0
2025-10-01,09:31:03.000,165.5,300.0,165.3,165.7,225.0
2025-10-01,09:31:04.000,165.15,150.0,165.05,165.25,75.0
2025-10-01,09:31:05.000,164.98,300.0,164.75,165.2,525.0
2025-10-01,09:31:06.000,164.98,300.0,164.75,165.2,525.0
2025-10-01,09:31:07.000,165.38,300.0,165.15,165.6,75.0
2025-10-01,09:31:08.000,165.38,300.0,165.15,165.6,75.0
2025-10-01,09:31:09.000,165.4,150.0,165.2,165.6,225.0
2025-10-01,09:31:10.000,165.7,225.0,165.5,165.9,375.0
2025-10-01,09:31:11.000,165.7,225.0,165.5,165.9,375.0
2025-10-01,09:31:12.000,165.82,75.0,165.65,166.0,75.0
2025-10-01,09:31:13.000,165.82,75.0,165.65,166.0,75.0
2025-10-01,09:31:14.000,164.88,600.0,164.6,165.15,300.0
2025-10-01,09:31:15.000,164.75,75.0,164.55,164.95,300.0
2025-10-01,09:31:16.000,164.75,75.0,164.55,164.95,300.0
2025-10-01,09:31:17.000,165.35,150.0,165.15,165.55,225.0
2025-10-01,09:31:18.000,165.35,150.0,165.15,165.55,225.0
2025-10-01,09:31:19.000,165.08,150.0,164.85,165.3,300.0
2025-10-01,09:31:20.000,164.72,150.0,164.5,164.95,825.0
2025-10-01,09:31:21.000,164.72,150.0,164.5,164.95,825.0
2025-10-01,09:31:22.000,164.6,225.0,164.4,164.8,225.0
2025-10-01,09:31:23.000,164.6,225.0,164.4,164.8,225.0
2025-10-01,09:31:24.000,164.78,150.0,164.55,165.0,525.0
2025-10-01,09:31:25.000,164.72,300.0,164.5,164.95,600.0
2025-10-01,09:31:26.000,164.72,300.0,164.5,164.95,600.0
2025-10-01,09:31:27.000,164.75,75.0,164.55,164.95,225.0
2025-10-01,09:31:28.000,164.75,75.0,164.55,164.95,225.0
2025-10-01,09:31:29.000,165.28,300.0,165.05,165.5,225.0
2025-10-01,09:31:30.000,165.12,300.0,164.9,165.35,75.0
2025-10-01,09:31:31.000,165.12,300.0,164.9,165.35,75.0
2025-10-01,09:31:32.000,165.35,225.0,165.15,165.55,225.0
2025-10-01,09:31:33.000,165.35,225.0,165.15,165.55,225.0
2025-10-01,09:31:34.000,164.8,75.0,164.6,165.0,150.0
2025-10-01,09:31:35.000,165.2,300.0,165.0,165.4,300.0
2025-10-01,09:31:36.000,165.2,300.0,165.0,165.4,300.0
2025-10-01,09:31:37.000,164.8,525.0,164.55,165.05,75.0
2025-10-01,09:31:38.000,164.8,525.0,164.55,165.05,75.0
2025-10-01,09:31:39.000,164.68,450.0,164.45,164.9,300.0
2025-10-01,09:31:40.000,164.55,150.0,164.35,164.75,375.0
2025-10-01,09:31:41.000,164.55,150.0,164.35,164.75,375.0
2025-10-01,09:31:42.000,164.4,150.0,164.2,164.6,75.0
2025-10-01,09:31:43.000,164.4,150.0,164.2,164.6,75.0
2025-10-01,09:31:44.000,164.25,150.0,164.1,164.4,450.0
2025-10-01,09:31:45.000,164.25,75.0,164.1,164.4,75.0
2025-10-01,09:31:46.000,164.25,75.0,164.1,164.4,75.0
2025-10-01,09:31:47.000,164.68,75.0,164.5,164.85,225.0
2025-10-01,09:31:48.000,164.68,75.0,164.5,164.85,225.0
2025-10-01,09:31:49.000,164.85,150.0,164.65,165.05,525.0
2025-10-01,09:31:50.000,164.68,150.0,164.5,164.85,675.0
2025-10-01,09:31:51.000,164.68,150.0,164.5,164.85,675.0
2025-10-01,09:31:52.000,164.72,300.0,164.5,164.95,300.0
2025-10-01,09:31:53.000,164.72,300.0,164.5,164.95,300.0
2025-10-01,09:31:54.000,164.65,300.0,164.45,164.85,225.0
2025-10-01,09:31:55.000,164.85,300.0,164.6,165.1,375.0
2025-10-01,09:31:56.000,164.85,300.0,164.6,165.1,375.0
2025-10-01,09:31:57.000,165.58,150.0,165.4,165.75,150.0
2025-10-01,09:31:58.000,165.58,150.0,165.4,165.75,150.0
2025-10-01,09:31:59.000,166.35,150.0,166.15,166.55,225.0
2025-10-01,09:32:00.000,166.3,75.0,166.1,166.5,150.0
2025-10-01,09:32:01.000,166.3,75.0,166.1,166.5,150.0
2025-10-01,09:32:02.000,166.38,75.0,166.15,166.6,525.0
2025-10-01,09:32:03.000,166.38,75.0,166.15,166.6,525.0
2025-10-01,09:32:04.000,165.58,75.0,165.4,165.75,300.0
2025-10-01,09:32:05.000,165.98,150.0,165.75,166.2,1050.0
2025-10-01,09:32:06.000,165.98,150.0,165.75,166.2,1050.0
2025-10-01,09:32:07.000,165.73,1050.0,165.55,165.9,75.0
2025-10-01,09:32:08.000,165.73,1050.0,165.55,165.9,75.0
2025-10-01,09:32:09.000,165.95,150.0,165.75,166.15,75.0
2025-10-01,09:32:10.000,166.45,300.0,166.2,166.7,375.0
2025-10-01,09:32:11.000,166.45,300.0,166.2,166.7,375.0
2025-10-01,09:32:12.000,166.2,300.0,166.0,166.4,900.0
2025-10-01,09:32:13.000,166.2,300.0,166.0,166.4,900.0
2025-10-01,09:32:14.000,166.4,375.0,166.2,166.6,75.0
2025-10-01,09:32:15.000,166.52,450.0,166.3,166.75,375.0
2025-10-01,09:32:16.000,166.52,450.0,166.3,166.75,375.0
2025-10-01,09:32:17.000,167.15,1200.0,167.0,167.3,300.0
2025-10-01,09:32:18.000,166.55,600.0,166.3,166.8,225.0
2025-10-01,09:32:19.000,166.55,600.0,166.3,166.8,225.0
2025-10-01,09:32:20.000,166.65,150.0,166.5,166.8,150.0
2025-10-01,09:32:21.000,166.65,150.0,166.5,166.8,150.0
2025-10-01,09:32:22.000,166.95,150.0,166.75,167.15,375.0
2025-10-01,09:32:23.000,166.82,825.0,166.6,167.05,300.0
2025-10-01,09:32:24.000,166.82,825.0,166.6,167.05,300.0
2025-10-01,09:32:25.000,167.22,300.0,167.0,167.45,225.0
2025-10-01,09:32:26.000,167.22,300.0,167.0,167.45,225.0
2025-10-01,09:32:27.000,167.28,375.0,167.0,167.55,375.0
2025-10-01,09:32:28.000,167.0,75.0,166.8,167.2,225.0
2025-10-01,09:32:29.000,167.0,75.0,166.8,167.2,225.0
2025-10-01,09:32:30.000,167.35,375.0,167.1,167.6,75.0
2025-10-01,09:32:31.000,167.35,375.0,167.1,167.6,75.0
2025-10-01,09:32:32.000,167.42,150.0,167.2,167.65,225.0
2025-10-01,09:32:33.000,167.05,225.0,166.85,167.25,300.0
2025-10-01,09:32:34.000,167.05,225.0,166.85,167.25,300.0
2025-10-01,09:32:35.000,167.22,600.0,166.95,167.5,300.0
2025-10-01,09:32:36.000,167.22,600.0,166.95,167.5,300.0
2025-10-01,09:32:37.000,167.6,150.0,167.4,167.8,375.0
2025-10-01,09:32:38.000,167.78,300.0,167.55,168.0,975.0
2025-10-01,09:32:39.000,167.78,300.0,167.55,168.0,975.0
2025-10-01,09:32:40.000,167.85,225.0,167.65,168.05,300.0
2025-10-01,09:32:41.000,167.85,225.0,167.65,168.05,300.0
2025-10-01,09:32:42.000,167.62,75.0,167.4,167.85,375.0
2025-10-01,09:32:43.000,167.73,75.0,167.55,167.9,75.0
2025-10-01,09:32:44.000,167.73,75.0,167.55,167.9,75.0
2025-10-01,09:32:45.000,167.98,75.0,167.85,168.1,75.0
2025-10-01,09:32:46.000,167.98,75.0,167.85,168.1,75.0
2025-10-01,09:32:47.000,167.62,150.0,167.4,167.85,750.0
2025-10-01,09:32:48.000,167.88,150.0,167.75,168.0,300.0
2025-10-01,09:32:49.000,167.88,150.0,167.75,168.0,300.0
2025-10-01,09:32:50.000,167.88,75.0,167.7,168.05,75.0
2025-10-01,09:32:51.000,167.88,75.0,167.7,168.05,75.0
2025-10-01,09:32:52.000,168.55,150.0,168.35,168.75,75.0
2025-10-01,09:32:53.000,168.58,75.0,168.35,168.8,375.0
2025-10-01,09:32:54.000,168.58,75.0,168.35,168.8,375.0
2025-10-01,09:32:55.000,168.58,300.0,168.4,168.75,450.0
2025-10-01,09:32:56.000,168.58,300.0,168.4,168.75,450.0
2025-10-01,09:32:57.000,168.32,300.0,168.1,168.55,225.0
2025-10-01,09:32:58.000,168.2,525.0,168.0,168.4,225.0
2025-10-01,09:32:59.000,168.2,525.0,168.0,168.4,225.0
2025-10-01,09:33:00.000,167.65,750.0,167.4,167.9,75.0
2025-10-01,09:33:01.000,167.48,225.0,167.25,167.7,375.0
2025-10-01,09:33:02.000,167.48,225.0,167.25,167.7,375.0
2025-10-01,09:33:03.000,167.4,225.0,167.2,167.6,75.0
2025-10-01,09:33:04.000,167.4,225.0,167.2,167.6,75.0
2025-10-01,09:33:05.000,167.27,75.0,167.1,167.45,225.0
2025-10-01,09:33:06.000,167.38,75.0,167.25,167.5,1125.0
2025-10-01,09:33:07.000,167.38,75.0,167.25,167.5,1125.0
2025-10-01,09:33:08.000,167.55,375.0,167.35,167.75,450.0
2025-10-01,09:33:09.000,167.55,375.0,167.35,167.75,450.0
2025-10-01,09:33:10.000,166.85,300.0,166.65,167.05,300.0
2025-10-01,09:33:11.000,166.72,300.0,166.5,166.95,525.0
2025-10-01,09:33:12.000,166.72,300.0,166.5,166.95,525.0
2025-10-01,09:33:13.000,167.4,375.0,167.15,167.65,375.0
2025-10-01,09:33:14.000,167.4,375.0,167.15,167.65,375.0
2025-10-01,09:33:15.000,166.88,75.0,166.65,167.1,225.0
2025-10-01,09:33:16.000,167.0,75.0,166.8,167.2,75.0
2025-10-01,09:33:17.000,167.0,75.0,166.8,167.2,75.0
2025-10-01,09:33:18.000,167.12,225.0,166.85,167.4,525.0
2025-10-01,09:33:19.000,167.12,225.0,166.85,167.4,525.0
2025-10-01,09:33:20.000,166.9,225.0,166.75,167.05,75.0
2025-10-01,09:33:21.000,166.35,225.0,166.15,166.55,75.0
2025-10-01,09:33:22.000,166.35,225.0,166.15,166.55,75.0
2025-10-01,09:33:23.000,166.22,300.0,166.0,166.45,75.0
2025-10-01,09:33:24.000,166.22,300.0,166.0,166.45,75.0
2025-10-01,09:33:25.000,166.48,300.0,166.25,166.7,75.0
2025-10-01,09:33:26.000,165.62,150.0,165.5,165.75,75.0
2025-10-01,09:33:27.000,165.62,150.0,165.5,165.75,75.0
2025-10-01,09:33:28.000,165.48,375.0,165.25,165.7,300.0
2025-10-01,09:33:29.000,165.48,375.0,165.25,165.7,300.0
2025-10-01,09:33:30.000,165.88,225.0,165.6,166.15,900.0
2025-10-01,09:33:31.000,165.45,525.0,165.25,165.65,150.0
2025-10-01,09:33:32.000,165.45,525.0,165.25,165.65,150.0
2025-10-01,09:33:33.000,165.78,300.0,165.55,166.0,375.0
2025-10-01,09:33:34.000,165.78,300.0,165.55,166.0,375.0
2025-10-01,09:33:35.000,166.05,150.0,165.85,166.25,450.0
2025-10-01,09:33:36.000,165.88,75.0,165.65,166.1,375.0
2025-10-01,09:33:37.000,165.88,75.0,165.65,166.1,375.0
2025-10-01,09:33:38.000,165.75,150.0,165.55,165.95,825.0
2025-10-01,09:33:39.000,165.75,150.0,165.55,165.95,825.0
2025-10-01,09:33:40.000,166.48,150.0,166.25,166.7,225.0
2025-10-01,09:33:41.000,166.15,75.0,165.95,166.35,75.0
2025-10-01,09:33:42.000,166.15,75.0,165.95,166.35,75.0
2025-10-01,09:33:43.000,165.73,75.0,165.55,165.9,750.0
2025-10-01,09:33:44.000,165.73,75.0,165.55,165.9,750.0
2025-10-01,09:33:45.000,165.58,75.0,165.4,165.75,75.0
2025-10-01,09:33:46.000,165.58,75.0,165.4,165.75,75.0
2025-10-01,09:33:47.000,165.8,75.0,165.6,166.0,225.0
2025-10-01,09:33:48.000,165.92,75.0,165.75,166.1,75.0
2025-10-01,09:33:49.000,165.92,75.0,165.75,166.1,75.0
2025-10-01,09:33:50.000,165.82,75.0,165.65,166.0,75.0
2025-10-01,09:33:51.000,165.82,75.0,165.65,166.0,75.0
2025-10-01,09:33:52.000,165.42,450.0,165.25,165.6,75.0
2025-10-01,09:33:53.000,165.65,225.0,165.45,165.85,75.0
2025-10-01,09:33:54.000,165.65,225.0,165.45,165.85,75.0
2025-10-01,09:33:55.000,165.35,75.0,165.25,165.45,300.0
2025-10-01,09:33:56.000,165.35,75.0,165.25,165.45,300.0
2025-10-01,09:33:57.000,165.68,75.0,165.45,165.9,75.0
2025-10-01,09:33:58.000,165.8,75.0,165.6,166.0,375.0
2025-10-01,09:33:59.000,165.8,75.0,165.6,166.0,375.0
2025-10-01,09:34:00.000,165.68,150.0,165.5,165.85,75.0
2025-10-01,09:34:01.000,165.68,150.0,165.5,165.85,75.0
2025-10-01,09:34:02.000,165.42,150.0,165.25,165.6,75.0
2025-10-01,09:34:03.000,165.5,375.0,165.25,165.75,75.0
2025-10-01,09:34:04.000,165.5,375.0,165.25,165.75,75.0
2025-10-01,09:34:05.000,165.5,600.0,165.25,165.75,600.0
2025-10-01,09:34:06.000,165.5,600.0,165.25,165.75,600.0
2025-10-01,09:34:07.000,165.55,600.0,165.3,165.8,675.0
2025-10-01,09:34:08.000,165.72,75.0,165.5,165.95,600.0
2025-10-01,09:34:09.000,165.72,75.0,165.5,165.95,600.0
2025-10-01,09:34:10.000,165.55,300.0,165.3,165.8,150.0
2025-10-01,09:34:11.000,165.55,300.0,165.3,165.8,150.0
2025-10-01,09:34:12.000,165.48,300.0,165.25,165.7,1050.0
2025-10-01,09:34:13.000,165.55,75.0,165.35,165.75,225.0
2025-10-01,09:34:14.000,165.55,75.0,165.35,165.75,225.0
2025-10-01,09:34:15.000,165.45,75.0,165.25,165.65,75.0
2025-10-01,09:34:16.000,165.45,75.0,165.25,165.65,75.0
2025-10-01,09:34:17.000,165.4,150.0,165.2,165.6,525.0
2025-10-01,09:34:18.000,165.48,225.0,165.25,165.7,300.0
2025-10-01,09:34:19.000,165.48,225.0,165.25,165.7,300.0
2025-10-01,09:34:20.000,165.5,225.0,165.25,165.75,525.0
2025-10-01,09:34:21.000,165.5,225.0,165.25,165.75,525.0
2025-10-01,09:34:22.000,164.75,450.0,164.5,165.0,375.0
2025-10-01,09:34:23.000,164.45,150.0,164.25,164.65,150.0
2025-10-01,09:34:24.000,164.45,150.0,164.25,164.65,150.0
2025-10-01,09:34:25.000,164.75,150.0,164.55,164.95,75.0
2025-10-01,09:34:26.000,164.75,150.0,164.55,164.95,75.0
2025-10-01,09:34:27.000,165.0,225.0,164.8,165.2,75.0
2025-10-01,09:34:28.000,164.95,75.0,164.75,165.15,75.0
2025-10-01,09:34:29.000,164.95,75.0,164.75,165.15,75.0
2025-10-01,09:34:30.000,165.12,300.0,164.9,165.35,75.0
2025-10-01,09:34:31.000,165.12,300.0,164.9,165.35,75.0
2025-10-01,09:34:32.000,165.45,150.0,165.25,165.65,900.0
2025-10-01,09:34:33.000,165.42,75.0,165.25,165.6,525.0
2025-10-01,09:34:34.000,165.42,75.0,165.25,165.6,525.0
2025-10-01,09:34:35.000,164.92,225.0,164.75,165.1,75.0
2025-10-01,09:34:36.000,164.92,225.0,164.75,165.1,75.0
2025-10-01,09:34:37.000,164.82,225.0,164.6,165.05,600.0
2025-10-01,09:34:38.000,165.1,75.0,164.85,165.35,1200.0
2025-10-01,09:34:39.000,165.1,75.0,164.85,165.35,1200.0
2025-10-01,09:34:40.000,165.22,225.0,165.0,165.45,525.0
2025-10-01,09:34:41.000,165.22,225.0,165.0,165.45,525.0
2025-10-01,09:34:42.000,164.95,450.0,164.75,165.15,75.0
2025-10-01,09:34:43.000,164.92,75.0,164.85,165.0,375.0
2025-10-01,09:34:44.000,164.92,75.0,164.85,165.0,375.0
2025-10-01,09:34:45.000,165.48,375.0,165.25,165.7,675.0
2025-10-01,09:34:46.000,165.48,375.0,165.25,165.7,675.0
2025-10-01,09:34:47.000,165.48,375.0,165.25,165.7,450.0
2025-10-01,09:34:48.000,165.75,225.0,165.55,165.95,600.0
2025-10-01,09:34:49.000,165.75,225.0,165.55,165.95,600.0
2025-10-01,09:34:50.000,165.58,75.0,165.4,165.75,525.0
2025-10-01,09:34:51.000,165.58,75.0,165.4,165.75,525.0
2025-10-01,09:34:52.000,165.5,450.0,165.25,165.75,825.0
2025-10-01,09:34:53.000,165.6,375.0,165.35,165.85,750.0
2025-10-01,09:34:54.000,165.6,375.0,165.35,165.85,750.0
2025-10-01,09:34:55.000,165.6,225.0,165.4,165.8,75.0
2025-10-01,09:34:56.000,165.6,225.0,165.4,165.8,75.0
2025-10-01,09:34:57.000,165.48,75.0,165.25,165.7,225.0
2025-10-01,09:34:58.000,165.42,225.0,165.25,165.6,150.0
2025-10-01,09:34:59.000,165.42,225.0,165.25,165.6,150.0
2025-10-01,09:35:00.000,165.42,225.0,165.25,165.6,150.0
2025-10-01,09:35:01.000,165.42,225.0,165.25,165.6,150.0
2025-10-01,09:35:02.000,164.98,675.0,164.75,165.2,375.0
2025-10-01,09:35:03.000,164.65,75.0,164.45,164.85,525.0
2025-10-01,09:35:04.000,164.65,75.0,164.45,164.85,525.0
2025-10-01,09:35:05.000,164.32,75.0,164.1,164.55,600.0
2025-10-01,09:35:06.000,164.32,75.0,164.1,164.55,600.0
2025-10-01,09:35:07.000,164.22,825.0,164.0,164.45,450.0
2025-10-01,09:35:08.000,164.48,375.0,164.25,164.7,75.0
2025-10-01,09:35:09.000,164.48,375.0,164.25,164.7,75.0
2025-10-01,09:35:10.000,164.6,600.0,164.35,164.85,75.0
2025-10-01,09:35:11.000,164.6,600.0,164.35,164.85,75.0
2025-10-01,09:35:12.000,164.55,1200.0,164.3,164.8,375.0
2025-10-01,09:35:13.000,164.85,225.0,164.6,165.1,675.0
2025-10-01,09:35:14.000,164.85,225.0,164.6,165.1,675.0
2025-10-01,09:35:15.000,164.73,300.0,164.55,164.9,225.0
2025-10-01,09:35:16.000,164.73,300.0,164.55,164.9,225.0
2025-10-01,09:35:17.000,164.72,525.0,164.5,164.95,375.0
2025-10-01,09:35:18.000,164.95,900.0,164.7,165.2,375.0
2025-10-01,09:35:19.000,164.95,900.0,164.7,165.2,375.0
2025-10-01,09:35:20.000,165.08,75.0,164.95,165.2,75.0
2025-10-01,09:35:21.000,165.4,225.0,165.2,165.6,525.0
2025-10-01,09:35:22.000,165.4,225.0,165.2,165.6,525.0
2025-10-01,09:35:23.000,165.08,450.0,164.85,165.3,900.0
2025-10-01,09:35:24.000,165.08,450.0,164.85,165.3,900.0
2025-10-01,09:35:25.000,165.12,375.0,164.9,165.35,450.0
2025-10-01,09:35:26.000,164.92,225.0,164.65,165.2,375.0
2025-10-01,09:35:27.000,164.92,225.0,164.65,165.2,375.0
2025-10-01,09:35:28.000,164.9,675.0,164.7,165.1,525.0
2025-10-01,09:35:29.000,164.9,675.0,164.7,165.1,525.0
2025-10-01,09:35:30.000,164.95,225.0,164.7,165.2,750.0
2025-10-01,09:35:31.000,165.05,225.0,164.85,165.25,225.0
2025-10-01,09:35:32.000,165.05,225.0,164.85,165.25,225.0
2025-10-01,09:35:33.000,165.08,75.0,164.9,165.25,225.0
2025-10-01,09:35:34.000,165.08,75.0,164.9,165.25,225.0
2025-10-01,09:35:35.000,165.05,225.0,164.85,165.25,300.0
2025-10-01,09:35:36.000,165.18,450.0,164.95,165.4,75.0
2025-10-01,09:35:37.000,165.18,450.0,164.95,165.4,75.0
2025-10-01,09:35:38.000,165.12,75.0,164.9,165.35,825.0
2025-10-01,09:35:39.000,165.12,75.0,164.9,165.35,825.0
2025-10-01,09:35:40.000,165.38,75.0,165.2,165.55,75.0
2025-10-01,09:35:41.000,165.5,300.0,165.3,165.7,75.0
2025-10-01,09:35:42.000,165.5,300.0,165.3,165.7,75.0
2025-10-01,09:35:43.000,165.6,75.0,165.4,165.8,75.0
2025-10-01,09:35:44.000,165.6,75.0,165.4,165.8,75.0
2025-10-01,09:35:45.000,165.4,600.0,165.2,165.6,75.0
2025-10-01,09:35:46.000,165.25,75.0,165.05,165.45,375.0
2025-10-01,09:35:47.000,165.25,75.0,165.05,165.45,375.0
2025-10-01,09:35:48.000,165.48,450.0,165.25,165.7,450.0
2025-10-01,09:35:49.000,165.48,450.0,165.25,165.7,450.0
2025-10-01,09:35:50.000,165.02,225.0,164.85,165.2,75.0
2025-10-01,09:35:51.000,165.75,825.0,165.55,165.95,225.0
2025-10-01,09:35:52.000,165.75,825.0,165.55,165.95,225.0
2025-10-01,09:35:53.000,166.15,600.0,165.9,166.4,225.0
2025-10-01,09:35:54.000,166.15,600.0,165.9,166.4,225.0
2025-10-01,09:35:55.000,166.05,75.0,165.85,166.25,225.0
2025-10-01,09:35:56.000,166.45,150.0,166.25,166.65,375.0
2025-10-01,09:35:57.000,166.45,150.0,166.25,166.65,375.0
2025-10-01,09:35:58.000,166.55,300.0,166.35,166.75,75.0
2025-10-01,09:35:59.000,166.55,300.0,166.35,166.75,75.0
2025-10-01,09:36:00.000,166.65,75.0,166.45,166.85,225.0
2025-10-01,09:36:01.000,166.72,825.0,166.6,166.85,150.0
2025-10-01,09:36:02.000,166.72,825.0,166.6,166.85,150.0
2025-10-01,09:36:03.000,166.12,375.0,166.05,166.2,600.0
2025-10-01,09:36:04.000,166.12,375.0,166.05,166.2,600.0
2025-10-01,09:36:05.000,166.0,75.0,165.85,166.15,300.0
2025-10-01,09:36:06.000,165.85,75.0,165.7,166.0,75.0
2025-10-01,09:36:07.000,165.85,75.0,165.7,166.0,75.0
2025-10-01,09:36:08.000,165.5,75.0,165.3,165.7,300.0
2025-10-01,09:36:09.000,165.5,75.0,165.3,165.7,300.0
2025-10-01,09:36:10.000,165.8,300.0,165.6,166.0,75.0
2025-10-01,09:36:11.000,164.75,300.0,164.6,164.9,225.0
2025-10-01,09:36:12.000,164.75,300.0,164.6,164.9,225.0
2025-10-01,09:36:13.000,164.62,150.0,164.5,164.75,150.0
2025-10-01,09:36:14.000,164.62,150.0,164.5,164.75,150.0
2025-10-01,09:36:15.000,164.85,150.0,164.65,165.05,225.0
2025-10-01,09:36:16.000,164.8,450.0,164.6,165.0,450.0
2025-10-01,09:36:17.000,164.8,450.0,164.6,165.0,450.0
2025-10-01,09:36:18.000,164.65,75.0,164.5,164.8,75.0
2025-10-01,09:36:19.000,164.65,75.0,164.5,164.8,75.0
2025-10-01,09:36:20.000,164.82,375.0,164.6,165.05,675.0
2025-10-01,09:36:21.000,164.58,75.0,164.4,164.75,750.0
2025-10-01,09:36:22.000,164.58,75.0,164.4,164.75,750.0
2025-10-01,09:36:23.000,164.75,750.0,164.5,165.0,225.0
2025-10-01,09:36:24.000,164.75,750.0,164.5,165.0,225.0
2025-10-01,09:36:25.000,164.8,375.0,164.6,165.0,75.0
2025-10-01,09:36:26.000,164.65,450.0,164.45,164.85,675.0
2025-10-01,09:36:27.000,164.65,450.0,164.45,164.85,675.0
2025-10-01,09:36:28.000,164.65,300.0,164.45,164.85,675.0
2025-10-01,09:36:29.000,164.65,300.0,164.45,164.85,675.0
2025-10-01,09:36:30.000,164.72,150.0,164.5,164.95,1200.0
2025-10-01,09:36:31.000,164.75,225.0,164.55,164.95,300.0
2025-10-01,09:36:32.000,164.75,225.0,164.55,164.95,300.0
2025-10-01,09:36:33.000,164.55,75.0,164.35,164.75,75.0
2025-10-01,09:36:34.000,164.55,75.0,164.35,164.75,75.0
2025-10-01,09:36:35.000,164.1,900.0,164.0,164.2,75.0
2025-10-01,09:36:36.000,164.58,75.0,164.35,164.8,600.0
2025-10-01,09:36:37.000,164.58,75.0,164.35,164.8,600.0
2025-10-01,09:36:38.000,164.35,975.0,164.1,164.6,525.0
2025-10-01,09:36:39.000,164.32,150.0,164.1,164.55,675.0
2025-10-01,09:36:40.000,164.32,150.0,164.1,164.55,675.0
2025-10-01,09:36:41.000,163.98,375.0,163.75,164.2,525.0
2025-10-01,09:36:42.000,163.98,375.0,163.75,164.2,525.0
2025-10-01,09:36:43.000,163.92,525.0,163.7,164.15,675.0
2025-10-01,09:36:44.000,163.28,375.0,163.05,163.5,300.0
2025-10-01,09:36:45.000,163.28,375.0,163.05,163.5,300.0
2025-10-01,09:36:46.000,163.5,225.0,163.3,163.7,225.0
2025-10-01,09:36:47.000,163.5,225.0,163.3,163.7,225.0
2025-10-01,09:36:48.000,163.7,975.0,163.45,163.95,300.0
2025-10-01,09:36:49.000,163.45,450.0,163.25,163.65,75.0
2025-10-01,09:36:50.000,163.45,450.0,163.25,163.65,75.0
2025-10-01,09:36:51.000,163.48,1125.0,163.25,163.7,75.0
2025-10-01,09:36:52.000,163.48,1125.0,163.25,163.7,75.0
2025-10-01,09:36:53.000,163.8,225.0,163.55,164.05,225.0
2025-10-01,09:36:54.000,163.75,150.0,163.55,163.95,225.0
2025-10-01,09:36:55.000,163.75,150.0,163.55,163.95,225.0
2025-10-01,09:36:56.000,163.75,225.0,163.55,163.95,375.0
2025-10-01,09:36:57.000,163.75,225.0,163.55,163.95,375.0
2025-10-01,09:36:58.000,163.48,75.0,163.25,163.7,375.0
2025-10-01,09:36:59.000,163.57,150.0,163.35,163.8,375.0
2025-10-01,09:37:00.000,163.57,150.0,163.35,163.8,375.0
2025-10-01,09:37:01.000,163.9,75.0,163.75,164.05,225.0
2025-10-01,09:37:02.000,163.9,75.0,163.75,164.05,225.0
2025-10-01,09:37:03.000,164.0,600.0,163.8,164.2,75.0
2025-10-01,09:37:04.000,164.18,225.0,164.05,164.3,375.0
2025-10-01,09:37:05.000,164.18,225.0,164.05,164.3,375.0
2025-10-01,09:37:06.000,163.5,375.0,163.3,163.7,300.0
2025-10-01,09:37:07.000,163.5,375.0,163.3,163.7,300.0
2025-10-01,09:37:08.000,163.2,75.0,163.1,163.3,675.0
2025-10-01,09:37:09.000,163.25,75.0,163.1,163.4,600.0
2025-10-01,09:37:10.000,163.25,75.0,163.1,163.4,600.0
2025-10-01,09:37:11.000,163.27,75.0,163.1,163.45,750.0
2025-10-01,09:37:12.000,163.27,75.0,163.1,163.45,750.0
2025-10-01,09:37:13.000,163.5,300.0,163.3,163.7,600.0
2025-10-01,09:37:14.000,163.35,225.0,163.15,163.55,600.0
2025-10-01,09:37:15.000,163.35,225.0,163.15,163.55,600.0
2025-10-01,09:37:16.000,163.92,150.0,163.7,164.15,675.0
2025-10-01,09:37:17.000,163.85,75.0,163.7,164.0,525.0
2025-10-01,09:37:18.000,163.85,75.0,163.7,164.0,525.0
2025-10-01,09:37:19.000,163.8,75.0,163.6,164.0,750.0
2025-10-01,09:37:20.000,163.8,75.0,163.6,164.0,750.0
2025-10-01,09:37:21.000,163.68,225.0,163.45,163.9,750.0
2025-10-01,09:37:22.000,163.57,375.0,163.35,163.8,300.0
2025-10-01,09:37:23.000,163.57,375.0,163.35,163.8,300.0
2025-10-01,09:37:24.000,163.52,300.0,163.3,163.75,750.0
2025-10-01,09:37:25.000,163.52,300.0,163.3,163.75,750.0
2025-10-01,09:37:26.000,163.35,525.0,163.15,163.55,300.0
2025-10-01,09:37:27.000,163.45,150.0,163.25,163.65,75.0
2025-10-01,09:37:28.000,163.45,150.0,163.25,163.65,75.0
2025-10-01,09:37:29.000,163.3,300.0,163.1,163.5,675.0
2025-10-01,09:37:30.000,163.3,300.0,163.1,163.5,675.0
2025-10-01,09:37:31.000,163.25,75.0,163.1,163.4,225.0
2025-10-01,09:37:32.000,163.38,375.0,163.15,163.6,675.0
2025-10-01,09:37:33.000,163.38,375.0,163.15,163.6,675.0
2025-10-01,09:37:34.000,163.48,225.0,163.25,163.7,75.0
2025-10-01,09:37:35.000,163.48,225.0,163.25,163.7,75.0
2025-10-01,09:37:36.000,163.5,150.0,163.3,163.7,825.0
2025-10-01,09:37:37.000,163.57,375.0,163.35,163.8,75.0
2025-10-01,09:37:38.000,163.57,375.0,163.35,163.8,75.0
2025-10-01,09:37:39.000,163.55,75.0,163.35,163.75,525.0
2025-10-01,09:37:40.000,163.55,75.0,163.35,163.75,525.0
2025-10-01,09:37:41.000,163.8,150.0,163.6,164.0,375.0
2025-10-01,09:37:42.000,163.65,525.0,163.45,163.85,375.0
2025-10-01,09:37:43.000,163.65,525.0,163.45,163.85,375.0
2025-10-01,09:37:44.000,163.62,150.0,163.45,163.8,300.0
2025-10-01,09:37:45.000,163.62,150.0,163.45,163.8,300.0
2025-10-01,09:37:46.000,163.52,150.0,163.3,163.75,225.0
2025-10-01,09:37:47.000,163.5,225.0,163.3,163.7,675.0
2025-10-01,09:37:48.000,163.5,225.0,163.3,163.7,675.0
2025-10-01,09:37:49.000,163.38,225.0,163.25,163.5,75.0
2025-10-01,09:37:50.000,163.38,225.0,163.25,163.5,75.0
2025-10-01,09:37:51.000,163.32,225.0,163.15,163.5,225.0
2025-10-01,09:37:52.000,163.52,375.0,163.3,163.75,600.0
2025-10-01,09:37:53.000,163.52,375.0,163.3,163.75,600.0
2025-10-01,09:37:54.000,163.57,150.0,163.4,163.75,300.0
2025-10-01,09:37:55.000,163.57,150.0,163.4,163.75,300.0
2025-10-01,09:37:56.000,163.55,375.0,163.35,163.75,525.0
2025-10-01,09:37:57.000,163.98,150.0,163.8,164.15,75.0
2025-10-01,09:37:58.000,163.98,150.0,163.8,164.15,75.0
2025-10-01,09:37:59.000,163.82,150.0,163.65,164.0,150.0
2025-10-01,09:38:00.000,163.82,150.0,163.65,164.0,150.0
2025-10-01,09:38:01.000,164.0,375.0,163.85,164.15,300.0
2025-10-01,09:38:02.000,164.15,225.0,163.95,164.35,375.0
2025-10-01,09:38:03.000,164.15,225.0,163.95,164.35,375.0
2025-10-01,09:38:04.000,164.58,150.0,164.4,164.75,300.0
2025-10-01,09:38:05.000,164.58,150.0,164.4,164.75,300.0
2025-10-01,09:38:06.000,164.85,75.0,164.7,165.0,75.0
2025-10-01,09:38:07.000,164.77,225.0,164.7,164.85,75.0
2025-10-01,09:38:08.000,164.77,225.0,164.7,164.85,75.0
2025-10-01,09:38:09.000,164.4,75.0,164.3,164.5,150.0
2025-10-01,09:38:10.000,164.4,75.0,164.3,164.5,150.0
2025-10-01,09:38:11.000,164.62,450.0,164.45,164.8,75.0
2025-10-01,09:38:12.000,165.1,75.0,164.95,165.25,300.0
2025-10-01,09:38:13.000,165.1,75.0,164.95,165.25,300.0
2025-10-01,09:38:14.000,165.18,375.0,165.0,165.35,600.0
2025-10-01,09:38:15.000,165.08,375.0,165.0,165.15,375.0
2025-10-01,09:38:16.000,165.08,375.0,165.0,165.15,375.0
2025-10-01,09:38:17.000,165.0,150.0,164.8,165.2,225.0
2025-10-01,09:38:18.000,165.0,150.0,164.8,165.2,225.0
2025-10-01,09:38:19.000,164.4,675.0,164.15,164.65,300.0
2025-10-01,09:38:20.000,164.35,150.0,164.15,164.55,300.0
2025-10-01,09:38:21.000,164.35,150.0,164.15,164.55,300.0
2025-10-01,09:38:22.000,164.3,75.0,164.1,164.5,225.0
2025-10-01,09:38:23.000,164.3,75.0,164.1,164.5,225.0
2025-10-01,09:38:24.000,164.3,225.0,164.1,164.5,225.0
2025-10-01,09:38:25.000,165.08,375.0,164.85,165.3,75.0
2025-10-01,09:38:26.000,165.08,375.0,164.85,165.3,75.0
2025-10-01,09:38:27.000,165.7,225.0,165.5,165.9,375.0
2025-10-01,09:38:28.000,165.7,225.0,165.5,165.9,375.0
2025-10-01,09:38:29.000,165.62,150.0,165.45,165.8,225.0
2025-10-01,09:38:30.000,165.52,150.0,165.3,165.75,675.0
2025-10-01,09:38:31.000,165.52,150.0,165.3,165.75,675.0
2025-10-01,09:38:32.000,165.02,75.0,164.85,165.2,75.0
2025-10-01,09:38:33.000,165.02,75.0,164.85,165.2,75.0
2025-10-01,09:38:34.000,165.18,300.0,164.95,165.4,750.0
2025-10-01,09:38:35.000,165.18,300.0,164.95,165.4,750.0
2025-10-01,09:38:36.000,164.9,375.0,164.7,165.1,225.0
2025-10-01,09:38:37.000,164.88,300.0,164.65,165.1,675.0
2025-10-01,09:38:38.000,164.88,300.0,164.65,165.1,675.0
2025-10-01,09:38:39.000,164.58,375.0,164.4,164.75,75.0
2025-10-01,09:38:40.000,164.58,375.0,164.4,164.75,75.0
2025-10-01,09:38:41.000,164.6,75.0,164.45,164.75,75.0
2025-10-01,09:38:42.000,164.95,75.0,164.75,165.15,450.0
2025-10-01,09:38:43.000,164.95,75.0,164.75,165.15,450.0
2025-10-01,09:38:44.000,164.72,675.0,164.5,164.95,375.0
2025-10-01,09:38:45.000,164.92,300.0,164.7,165.15,375.0
2025-10-01,09:38:46.000,164.92,300.0,164.7,165.15,375.0
2025-10-01,09:38:47.000,164.68,300.0,164.45,164.9,375.0
2025-10-01,09:38:48.000,164.68,300.0,164.45,164.9,375.0
2025-10-01,09:38:49.000,164.62,450.0,164.4,164.85,300.0
2025-10-01,09:38:50.000,164.6,225.0,164.4,164.8,525.0
2025-10-01,09:38:51.000,164.6,225.0,164.4,164.8,525.0
2025-10-01,09:38:52.000,164.6,300.0,164.4,164.8,300.0
2025-10-01,09:38:53.000,164.6,300.0,164.4,164.8,300.0
2025-10-01,09:38:54.000,164.77,75.0,164.6,164.95,525.0
2025-10-01,09:38:55.000,165.1,450.0,164.9,165.3,225.0
2025-10-01,09:38:56.000,165.1,450.0,164.9,165.3,225.0
2025-10-01,09:38:57.000,165.1,450.0,164.9,165.3,225.0
2025-10-01,09:38:58.000,165.1,450.0,164.9,165.3,225.0
2025-10-01,09:38:59.000,165.18,600.0,164.95,165.4,300.0
2025-10-01,09:39:00.000,165.05,75.0,164.85,165.25,750.0
2025-10-01,09:39:01.000,165.05,75.0,164.85,165.25,750.0
2025-10-01,09:39:02.000,164.9,600.0,164.75,165.05,225.0
2025-10-01,09:39:03.000,164.9,600.0,164.75,165.05,225.0
2025-10-01,09:39:04.000,165.52,825.0,165.25,165.8,75.0
2025-10-01,09:39:05.000,165.2,900.0,164.9,165.5,525.0
2025-10-01,09:39:06.000,165.2,900.0,164.9,165.5,525.0
2025-10-01,09:39:07.000,164.72,1050.0,164.5,164.95,75.0
2025-10-01,09:39:08.000,164.72,1050.0,164.5,164.95,75.0
2025-10-01,09:39:09.000,164.73,450.0,164.55,164.9,75.0
2025-10-01,09:39:10.000,164.88,600.0,164.65,165.1,75.0
2025-10-01,09:39:11.000,164.88,600.0,164.65,165.1,75.0
2025-10-01,09:39:12.000,164.85,75.0,164.65,165.05,75.0
2025-10-01,09:39:13.000,164.85,75.0,164.65,165.05,75.0
2025-10-01,09:39:14.000,164.75,375.0,164.5,165.0,375.0
2025-10-01,09:39:15.000,164.58,900.0,164.3,164.85,375.0
2025-10-01,09:39:16.000,164.58,900.0,164.3,164.85,375.0
2025-10-01,09:39:17.000,163.95,300.0,163.7,164.2,600.0
2025-10-01,09:39:18.000,163.95,300.0,163.7,164.2,600.0
2025-10-01,09:39:19.000,163.65,300.0,163.4,163.9,300.0
2025-10-01,09:39:20.000,164.18,150.0,163.95,164.4,750.0
2025-10-01,09:39:21.000,164.18,150.0,163.95,164.4,750.0
2025-10-01,09:39:22.000,163.75,525.0,163.55,163.95,150.0
2025-10-01,09:39:23.000,163.75,525.0,163.55,163.95,150.0
2025-10-01,09:39:24.000,163.95,225.0,163.75,164.15,225.0
2025-10-01,09:39:25.000,163.92,600.0,163.7,164.15,600.0
2025-10-01,09:39:26.000,163.92,600.0,163.7,164.15,600.0
2025-10-01,09:39:27.000,163.72,150.0,163.5,163.95,450.0
2025-10-01,09:39:28.000,163.72,150.0,163.5,163.95,450.0
2025-10-01,09:39:29.000,163.3,150.0,163.1,163.5,225.0
2025-10-01,09:39:30.000,162.4,150.0,162.25,162.55,75.0
2025-10-01,09:39:31.000,162.4,150.0,162.25,162.55,75.0
2025-10-01,09:39:32.000,162.8,225.0,162.7,162.9,225.0
2025-10-01,09:39:33.000,162.8,225.0,162.7,162.9,225.0
2025-10-01,09:39:34.000,162.52,525.0,162.3,162.75,675.0
2025-10-01,09:39:35.000,162.9,375.0,162.7,163.1,75.0
2025-10-01,09:39:36.000,162.9,375.0,162.7,163.1,75.0
2025-10-01,09:39:37.000,162.75,75.0,162.55,162.95,450.0
2025-10-01,09:39:38.000,162.75,75.0,162.55,162.95,450.0
2025-10-01,09:39:39.000,163.05,975.0,162.8,163.3,825.0
2025-10-01,09:39:40.000,162.82,75.0,162.6,163.05,750.0
2025-10-01,09:39:41.000,162.82,75.0,162.6,163.05,750.0
2025-10-01,09:39:42.000,162.65,150.0,162.45,162.85,450.0
2025-10-01,09:39:43.000,162.55,225.0,162.4,162.7,375.0
2025-10-01,09:39:44.000,162.55,225.0,162.4,162.7,375.0
2025-10-01,09:39:45.000,162.77,225.0,162.6,162.95,75.0
2025-10-01,09:39:46.000,162.77,225.0,162.6,162.95,75.0
2025-10-01,09:39:47.000,162.68,300.0,162.5,162.85,75.0
2025-10-01,09:39:48.000,162.7,450.0,162.5,162.9,300.0
2025-10-01,09:39:49.000,162.7,450.0,162.5,162.9,300.0
2025-10-01,09:39:50.000,162.72,525.0,162.5,162.95,600.0
2025-10-01,09:39:51.000,162.72,525.0,162.5,162.95,600.0
2025-10-01,09:39:52.000,162.57,225.0,162.4,162.75,825.0
2025-10-01,09:39:53.000,163.07,225.0,162.85,163.3,75.0
2025-10-01,09:39:54.000,163.07,225.0,162.85,163.3,75.0
2025-10-01,09:39:55.000,162.62,825.0,162.4,162.85,675.0
2025-10-01,09:39:56.000,162.62,825.0,162.4,162.85,675.0
2025-10-01,09:39:57.000,162.98,600.0,162.75,163.2,75.0
2025-10-01,09:39:58.000,163.15,225.0,163.0,163.3,300.0
2025-10-01,09:39:59.000,163.15,225.0,163.0,163.3,300.0
2025-10-01,09:40:00.000,163.12,150.0,163.0,163.25,375.0
2025-10-01,09:40:01.000,163.12,150.0,163.0,163.25,375.0
2025-10-01,09:40:02.000,162.85,75.0,162.75,162.95,225.0
2025-10-01,09:40:03.000,163.32,75.0,163.1,163.55,75.0
2025-10-01,09:40:04.000,163.32,75.0,163.1,163.55,75.0
2025-10-01,09:40:05.000,163.3,150.0,163.1,163.5,375.0
2025-10-01,09:40:06.000,163.3,150.0,163.1,163.5,375.0
2025-10-01,09:40:07.000,162.8,300.0,162.55,163.05,600.0
2025-10-01,09:40:08.000,163.12,225.0,162.9,163.35,75.0
2025-10-01,09:40:09.000,163.12,225.0,162.9,163.35,75.0
2025-10-01,09:40:10.000,162.95,825.0,162.75,163.15,375.0
2025-10-01,09:40:11.000,162.95,825.0,162.75,163.15,375.0
2025-10-01,09:40:12.000,162.98,825.0,162.75,163.2,225.0
2025-10-01,09:40:13.000,163.45,600.0,163.2,163.7,675.0
2025-10-01,09:40:14.000,163.45,600.0,163.2,163.7,675.0
2025-10-01,09:40:15.000,163.55,225.0,163.35,163.75,375.0
2025-10-01,09:40:16.000,163.55,225.0,163.35,163.75,375.0
2025-10-01,09:40:17.000,163.65,375.0,163.45,163.85,75.0
2025-10-01,09:40:18.000,163.68,600.0,163.45,163.9,375.0
2025-10-01,09:40:19.000,163.68,600.0,163.45,163.9,375.0
2025-10-01,09:40:20.000,163.72,525.0,163.5,163.95,225.0
2025-10-01,09:40:21.000,163.57,600.0,163.35,163.8,600.0
2025-10-01,09:40:22.000,163.57,600.0,163.35,163.8,600.0
2025-10-01,09:40:23.000,163.92,75.0,163.75,164.1,225.0
2025-10-01,09:40:24.000,163.92,75.0,163.75,164.1,225.0
2025-10-01,09:40:25.000,164.05,150.0,163.95,164.15,75.0
2025-10-01,09:40:26.000,163.92,75.0,163.75,164.1,225.0
2025-10-01,09:40:27.000,163.92,75.0,163.75,164.1,225.0
2025-10-01,09:40:28.000,164.2,300.0,164.0,164.4,225.0
2025-10-01,09:40:29.000,164.2,300.0,164.0,164.4,225.0
2025-10-01,09:40:30.000,164.38,75.0,164.15,164.6,600.0
2025-10-01,09:40:31.000,164.3,300.0,164.1,164.5,300.0
2025-10-01,09:40:32.000,164.3,300.0,164.1,164.5,300.0
2025-10-01,09:40:33.000,164.45,225.0,164.25,164.65,225.0
2025-10-01,09:40:34.000,164.45,225.0,164.25,164.65,225.0
2025-10-01,09:40:35.000,164.27,300.0,164.1,164.45,225.0
2025-10-01,09:40:36.000,164.23,225.0,164.05,164.4,225.0
2025-10-01,09:40:37.000,164.23,225.0,164.05,164.4,225.0
2025-10-01,09:40:38.000,164.52,675.0,164.35,164.7,75.0
2025-10-01,09:40:39.000,164.52,675.0,164.35,164.7,75.0
2025-10-01,09:40:40.000,164.68,450.0,164.5,164.85,750.0
2025-10-01,09:40:41.000,164.68,450.0,164.5,164.85,750.0
2025-10-01,09:40:42.000,164.7,75.0,164.6,164.8,75.0
2025-10-01,09:40:43.000,164.88,825.0,164.75,165.0,1350.0
2025-10-01,09:40:44.000,164.88,825.0,164.75,165.0,1350.0
2025-10-01,09:40:45.000,165.12,375.0,164.9,165.35,225.0
2025-10-01,09:40:46.000,165.12,375.0,164.9,165.35,225.0
2025-10-01,09:40:47.000,164.18,150.0,164.0,164.35,450.0
2025-10-01,09:40:48.000,163.68,450.0,163.5,163.85,225.0
2025-10-01,09:40:49.000,163.68,450.0,163.5,163.85,225.0
2025-10-01,09:40:50.000,163.48,75.0,163.3,163.65,225.0
2025-10-01,09:40:51.000,163.48,75.0,163.3,163.65,225.0
2025-10-01,09:40:52.000,163.92,150.0,163.75,164.1,1050.0
2025-10-01,09:40:53.000,163.98,75.0,163.9,164.05,75.0
2025-10-01,09:40:54.000,163.98,75.0,163.9,164.05,75.0
2025-10-01,09:40:55.000,163.68,450.0,163.5,163.85,375.0
2025-10-01,09:40:56.000,163.68,450.0,163.5,163.85,375.0
2025-10-01,09:40:57.000,163.6,450.0,163.45,163.75,225.0
2025-10-01,09:40:58.000,163.73,75.0,163.55,163.9,225.0
2025-10-01,09:40:59.000,163.73,75.0,163.55,163.9,225.0
2025-10-01,09:41:00.000,163.78,450.0,163.55,164.0,975.0
2025-10-01,09:41:01.000,163.3,600.0,163.1,163.5,375.0
2025-10-01,09:41:02.000,163.3,600.0,163.1,163.5,375.0
2025-10-01,09:41:03.000,162.55,300.0,162.4,162.7,75.0
2025-10-01,09:41:04.000,162.55,300.0,162.4,162.7,75.0
2025-10-01,09:41:05.000,162.62,150.0,162.5,162.75,75.0
2025-10-01,09:41:06.000,162.6,150.0,162.45,162.75,375.0
2025-10-01,09:41:07.000,162.6,150.0,162.45,162.75,375.0
2025-10-01,09:41:08.000,163.0,300.0,162.85,163.15,225.0
2025-10-01,09:41:09.000,163.0,300.0,162.85,163.15,225.0
2025-10-01,09:41:10.000,162.65,75.0,162.45,162.85,825.0
2025-10-01,09:41:11.000,162.22,75.0,162.1,162.35,1575.0
2025-10-01,09:41:12.000,162.22,75.0,162.1,162.35,1575.0
2025-10-01,09:41:13.000,161.93,375.0,161.75,162.1,75.0
2025-10-01,09:41:14.000,161.93,375.0,161.75,162.1,75.0
2025-10-01,09:41:15.000,161.82,600.0,161.6,162.05,150.0
2025-10-01,09:41:16.000,161.7,300.0,161.5,161.9,300.0
2025-10-01,09:41:17.000,161.7,300.0,161.5,161.9,300.0
2025-10-01,09:41:18.000,161.82,750.0,161.6,162.05,525.0
2025-10-01,09:41:19.000,161.82,750.0,161.6,162.05,525.0
2025-10-01,09:41:20.000,161.95,150.0,161.75,162.15,450.0
2025-10-01,09:41:21.000,161.75,750.0,161.5,162.0,225.0
2025-10-01,09:41:22.000,161.75,750.0,161.5,162.0,225.0
2025-10-01,09:41:23.000,161.88,300.0,161.65,162.1,600.0
2025-10-01,09:41:24.000,161.88,300.0,161.65,162.1,600.0
2025-10-01,09:41:25.000,162.22,525.0,162.0,162.45,225.0
2025-10-01,09:41:26.000,162.28,225.0,162.05,162.5,525.0
2025-10-01,09:41:27.000,162.28,225.0,162.05,162.5,525.0
2025-10-01,09:41:28.000,162.57,75.0,162.45,162.7,75.0
2025-10-01,09:41:29.000,162.57,75.0,162.45,162.7,75.0
2025-10-01,09:41:30.000,162.48,150.0,162.25,162.7,225.0
2025-10-01,09:41:31.000,162.38,225.0,162.15,162.6,375.0
2025-10-01,09:41:32.000,162.38,225.0,162.15,162.6,375.0
2025-10-01,09:41:33.000,162.88,75.0,162.65,163.1,525.0
2025-10-01,09:41:34.000,162.88,75.0,162.65,163.1,525.0
2025-10-01,09:41:35.000,162.75,900.0,162.5,163.0,450.0
2025-10-01,09:41:36.000,162.75,75.0,162.55,162.95,300.0
2025-10-01,09:41:37.000,162.75,75.0,162.55,162.95,300.0
2025-10-01,09:41:38.000,162.68,300.0,162.5,162.85,75.0
2025-10-01,09:41:39.000,162.68,300.0,162.5,162.85,75.0
2025-10-01,09:41:40.000,162.65,450.0,162.4,162.9,600.0
2025-10-01,09:41:41.000,162.18,150.0,162.0,162.35,150.0
2025-10-01,09:41:42.000,162.18,150.0,162.0,162.35,150.0
2025-10-01,09:41:43.000,162.5,75.0,162.4,162.6,525.0
2025-10-01,09:41:44.000,162.5,75.0,162.4,162.6,525.0
2025-10-01,09:41:45.000,162.8,225.0,162.6,163.0,300.0
2025-10-01,09:41:46.000,162.7,150.0,162.45,162.95,750.0
2025-10-01,09:41:47.000,162.7,150.0,162.45,162.95,750.0
2025-10-01,09:41:48.000,162.72,525.0,162.5,162.95,225.0
2025-10-01,09:41:49.000,162.72,525.0,162.5,162.95,225.0
2025-10-01,09:41:50.000,162.78,150.0,162.55,163.0,450.0
2025-10-01,09:41:51.000,162.72,1050.0,162.5,162.95,150.0
2025-10-01,09:41:52.000,162.72,1050.0,162.5,162.95,150.0
2025-10-01,09:41:53.000,162.57,300.0,162.4,162.75,450.0
2025-10-01,09:41:54.000,162.57,300.0,162.4,162.75,450.0
2025-10-01,09:41:55.000,162.48,375.0,162.35,162.6,375.0
2025-10-01,09:41:56.000,162.48,150.0,162.3,162.65,150.0
2025-10-01,09:41:57.000,162.48,150.0,162.3,162.65,150.0
2025-10-01,09:41:58.000,162.22,525.0,162.0,162.45,450.0
2025-10-01,09:41:59.000,162.22,525.0,162.0,162.45,450.0
2025-10-01,09:42:00.000,162.22,525.0,162.0,162.45,450.0
2025-10-01,09:42:01.000,162.1,450.0,162.0,162.2,225.0
2025-10-01,09:42:02.000,162.1,450.0,162.0,162.2,225.0
2025-10-01,09:42:03.000,162.18,675.0,162.0,162.35,75.0
2025-10-01,09:42:04.000,162.18,675.0,162.0,162.35,75.0
2025-10-01,09:42:05.000,162.35,225.0,162.15,162.55,300.0
2025-10-01,09:42:06.000,162.1,225.0,161.9,162.3,450.0
2025-10-01,09:42:07.000,162.1,225.0,161.9,162.3,450.0
2025-10-01,09:42:08.000,161.9,300.0,161.75,162.05,75.0
2025-10-01,09:42:09.000,161.9,300.0,161.75,162.05,75.0
2025-10-01,09:42:10.000,161.9,600.0,161.75,162.05,75.0
2025-10-01,09:42:11.000,161.95,225.0,161.7,162.2,600.0
2025-10-01,09:42:12.000,161.95,225.0,161.7,162.2,600.0
2025-10-01,09:42:13.000,161.88,150.0,161.75,162.0,75.0
2025-10-01,09:42:14.000,161.88,150.0,161.75,162.0,75.0
2025-10-01,09:42:15.000,161.75,300.0,161.55,161.95,375.0
2025-10-01,09:42:16.000,161.9,375.0,161.8,162.0,75.0
2025-10-01,09:42:17.000,161.9,375.0,161.8,162.0,75.0
2025-10-01,09:42:18.000,161.9,450.0,161.7,162.1,150.0
2025-10-01,09:42:19.000,161.9,450.0,161.7,162.1,150.0
2025-10-01,09:42:20.000,161.5,525.0,161.3,161.7,150.0
2025-10-01,09:42:21.000,161.6,75.0,161.4,161.8,525.0
2025-10-01,09:42:22.000,161.6,75.0,161.4,161.8,525.0
2025-10-01,09:42:23.000,160.5,75.0,160.3,160.7,375.0
2025-10-01,09:42:24.000,160.5,75.0,160.3,160.7,375.0
2025-10-01,09:42:25.000,160.4,75.0,160.2,160.6,375.0
2025-10-01,09:42:26.000,160.2,4575.0,160.0,160.4,450.0
2025-10-01,09:42:27.000,160.2,4575.0,160.0,160.4,450.0
2025-10-01,09:42:28.000,160.12,4575.0,160.0,160.25,225.0
2025-10-01,09:42:29.000,160.35,1050.0,160.05,160.65,1425.0
2025-10-01,09:42:30.000,160.35,1050.0,160.05,160.65,1425.0
2025-10-01,09:42:31.000,160.4,300.0,160.2,160.6,75.0
2025-10-01,09:42:32.000,160.4,300.0,160.2,160.6,75.0
2025-10-01,09:42:33.000,160.27,75.0,160.1,160.45,375.0
2025-10-01,09:42:34.000,160.15,4575.0,160.0,160.3,75.0
2025-10-01,09:42:35.000,160.15,4575.0,160.0,160.3,75.0
2025-10-01,09:42:36.000,160.18,4950.0,160.0,160.35,150.0
2025-10-01,09:42:37.000,160.18,4950.0,160.0,160.35,150.0
2025-10-01,09:42:38.000,160.38,300.0,160.15,160.6,525.0
2025-10-01,09:42:39.000,160.12,4500.0,160.0,160.25,300.0
2025-10-01,09:42:40.000,160.12,4500.0,160.0,160.25,300.0
2025-10-01,09:42:41.000,159.65,525.0,159.4,159.9,375.0
2025-10-01,09:42:42.000,159.65,525.0,159.4,159.9,375.0
2025-10-01,09:42:43.000,159.88,450.0,159.75,160.0,75.0
2025-10-01,09:42:44.000,160.2,525.0,160.0,160.4,375.0
2025-10-01,09:42:45.000,160.2,525.0,160.0,160.4,375.0
2025-10-01,09:42:46.000,160.15,225.0,160.0,160.3,600.0
2025-10-01,09:42:47.000,160.15,225.0,160.0,160.3,600.0
2025-10-01,09:42:48.000,159.6,75.0,159.4,159.8,375.0
2025-10-01,09:42:49.000,160.05,75.0,159.85,160.25,225.0
2025-10-01,09:42:50.000,160.05,75.0,159.85,160.25,225.0
2025-10-01,09:42:51.000,160.0,75.0,159.8,160.2,375.0
2025-10-01,09:42:52.000,160.0,75.0,159.8,160.2,375.0
2025-10-01,09:42:53.000,159.85,75.0,159.65,160.05,525.0
2025-10-01,09:42:54.000,159.82,750.0,159.6,160.05,600.0
2025-10-01,09:42:55.000,159.82,750.0,159.6,160.05,600.0
2025-10-01,09:42:56.000,160.12,525.0,160.0,160.25,150.0
2025-10-01,09:42:57.000,160.12,525.0,160.0,160.25,150.0
2025-10-01,09:42:58.000,159.9,75.0,159.7,160.1,525.0
2025-10-01,09:42:59.000,159.9,75.0,159.7,160.1,525.0
2025-10-01,09:43:00.000,159.9,750.0,159.7,160.1,525.0
2025-10-01,09:43:01.000,159.9,375.0,159.7,160.1,525.0
2025-10-01,09:43:02.000,159.9,375.0,159.7,160.1,525.0
2025-10-01,09:43:03.000,159.72,225.0,159.6,159.85,300.0
2025-10-01,09:43:04.000,159.72,225.0,159.6,159.85,300.0
2025-10-01,09:43:05.000,160.0,150.0,159.8,160.2,225.0
2025-10-01,09:43:06.000,160.02,225.0,159.8,160.25,600.0
2025-10-01,09:43:07.000,160.02,225.0,159.8,160.25,600.0
2025-10-01,09:43:08.000,159.98,75.0,159.85,160.1,825.0
2025-10-01,09:43:09.000,159.98,450.0,159.75,160.2,525.0
2025-10-01,09:43:10.000,159.98,450.0,159.75,160.2,525.0
2025-10-01,09:43:11.000,160.05,150.0,159.85,160.25,450.0
2025-10-01,09:43:12.000,160.05,150.0,159.85,160.25,450.0
2025-10-01,09:43:13.000,159.9,300.0,159.7,160.1,675.0
2025-10-01,09:43:14.000,160.1,75.0,159.95,160.25,225.0
2025-10-01,09:43:15.000,160.1,75.0,159.95,160.25,225.0
2025-10-01,09:43:16.000,159.95,75.0,159.8,160.1,300.0
2025-10-01,09:43:17.000,159.95,75.0,159.8,160.1,300.0
2025-10-01,09:43:18.000,159.55,300.0,159.35,159.75,375.0
2025-10-01,09:43:19.000,159.35,150.0,159.15,159.55,225.0
2025-10-01,09:43:20.000,159.35,150.0,159.15,159.55,225.0
2025-10-01,09:43:21.000,158.98,375.0,158.75,159.2,525.0
2025-10-01,09:43:22.000,158.98,375.0,158.75,159.2,525.0
2025-10-01,09:43:23.000,158.78,75.0,158.55,159.0,900.0
2025-10-01,09:43:24.000,158.93,150.0,158.7,159.15,450.0
2025-10-01,09:43:25.000,158.93,150.0,158.7,159.15,450.0
2025-10-01,09:43:26.000,158.93,375.0,158.7,159.15,450.0
2025-10-01,09:43:27.000,158.93,375.0,158.7,159.15,450.0
2025-10-01,09:43:28.000,158.93,225.0,158.7,159.15,300.0
2025-10-01,09:43:29.000,159.15,150.0,158.95,159.35,525.0
2025-10-01,09:43:30.000,159.15,150.0,158.95,159.35,525.0
2025-10-01,09:43:31.000,159.6,525.0,159.35,159.85,675.0
2025-10-01,09:43:32.000,159.6,525.0,159.35,159.85,675.0
2025-10-01,09:43:33.000,159.88,375.0,159.65,160.1,225.0
2025-10-01,09:43:34.000,159.38,150.0,159.2,159.55,300.0
2025-10-01,09:43:35.000,159.38,150.0,159.2,159.55,300.0
2025-10-01,09:43:36.000,159.3,600.0,159.1,159.5,300.0
2025-10-01,09:43:37.000,159.3,600.0,159.1,159.5,300.0
2025-10-01,09:43:38.000,159.75,600.0,159.5,160.0,675.0
2025-10-01,09:43:39.000,159.65,1350.0,159.4,159.9,750.0
2025-10-01,09:43:40.000,159.65,1350.0,159.4,159.9,750.0
2025-10-01,09:43:41.000,159.8,375.0,159.6,160.0,450.0
2025-10-01,09:43:42.000,159.8,375.0,159.6,160.0,450.0
2025-10-01,09:43:43.000,160.0,75.0,159.8,160.2,450.0
2025-10-01,09:43:44.000,159.22,225.0,159.0,159.45,450.0
2025-10-01,09:43:45.000,159.22,225.0,159.0,159.45,450.0
2025-10-01,09:43:46.000,159.35,150.0,159.15,159.55,750.0
2025-10-01,09:43:47.000,159.35,150.0,159.15,159.55,750.0
2025-10-01,09:43:48.000,158.9,300.0,158.75,159.05,150.0
2025-10-01,09:43:49.000,158.82,225.0,158.65,159.0,75.0
2025-10-01,09:43:50.000,158.82,225.0,158.65,159.0,75.0
2025-10-01,09:43:51.000,158.98,525.0,158.75,159.2,525.0
2025-10-01,09:43:52.000,158.98,525.0,158.75,159.2,525.0
2025-10-01,09:43:53.000,159.15,225.0,158.95,159.35,225.0
2025-10-01,09:43:54.000,158.78,1650.0,158.55,159.0,75.0
2025-10-01,09:43:55.000,158.78,1650.0,158.55,159.0,75.0
2025-10-01,09:43:56.000,158.32,150.0,158.1,158.55,150.0
2025-10-01,09:43:57.000,158.32,150.0,158.1,158.55,150.0
2025-10-01,09:43:58.000,157.95,375.0,157.7,158.2,900.0
2025-10-01,09:43:59.000,157.48,375.0,157.3,157.65,75.0
2025-10-01,09:44:00.000,157.48,375.0,157.3,157.65,75.0
2025-10-01,09:44:01.000,157.75,75.0,157.55,157.95,225.0
2025-10-01,09:44:02.000,157.75,75.0,157.55,157.95,225.0
2025-10-01,09:44:03.000,157.95,75.0,157.7,158.2,1425.0
2025-10-01,09:44:04.000,157.7,75.0,157.55,157.85,450.0
2025-10-01,09:44:05.000,157.7,75.0,157.55,157.85,450.0
2025-10-01,09:44:06.000,157.12,450.0,157.0,157.25,75.0
2025-10-01,09:44:07.000,157.12,450.0,157.0,157.25,75.0
2025-10-01,09:44:08.000,157.6,150.0,157.4,157.8,450.0
2025-10-01,09:44:09.000,157.3,225.0,157.1,157.5,300.0
2025-10-01,09:44:10.000,157.3,225.0,157.1,157.5,300.0
2025-10-01,09:44:11.000,157.18,300.0,157.1,157.25,225.0
2025-10-01,09:44:12.000,157.18,300.0,157.1,157.25,225.0
2025-10-01,09:44:13.000,157.18,150.0,157.05,157.3,150.0
2025-10-01,09:44:14.000,157.18,300.0,157.0,157.35,75.0
2025-10-01,09:44:15.000,157.18,300.0,157.0,157.35,75.0
2025-10-01,09:44:16.000,157.15,150.0,156.95,157.35,525.0
2025-10-01,09:44:17.000,157.15,150.0,156.95,157.35,525.0
2025-10-01,09:44:18.000,156.72,150.0,156.5,156.95,300.0
2025-10-01,09:44:19.000,156.55,300.0,156.35,156.75,225.0
2025-10-01,09:44:20.000,156.55,300.0,156.35,156.75,225.0
2025-10-01,09:44:21.000,156.75,75.0,156.55,156.95,750.0
2025-10-01,09:44:22.000,156.75,75.0,156.55,156.95,750.0
2025-10-01,09:44:23.000,156.6,225.0,156.4,156.8,375.0
2025-10-01,09:44:24.000,156.5,375.0,156.3,156.7,225.0
2025-10-01,09:44:25.000,156.5,375.0,156.3,156.7,225.0
2025-10-01,09:44:26.000,156.0,525.0,155.85,156.15,75.0
2025-10-01,09:44:27.000,156.0,525.0,155.85,156.15,75.0
2025-10-01,09:44:28.000,155.5,150.0,155.35,155.65,75.0
2025-10-01,09:44:29.000,155.75,150.0,155.55,155.95,525.0
2025-10-01,09:44:30.000,155.75,150.0,155.55,155.95,525.0
2025-10-01,09:44:31.000,155.55,150.0,155.35,155.75,75.0
2025-10-01,09:44:32.000,155.55,150.0,155.35,155.75,75.0
2025-10-01,09:44:33.000,155.82,150.0,155.65,156.0,450.0
2025-10-01,09:44:34.000,156.05,150.0,155.85,156.25,150.0
2025-10-01,09:44:35.000,156.05,150.0,155.85,156.25,150.0
2025-10-01,09:44:36.000,155.88,75.0,155.7,156.05,300.0
2025-10-01,09:44:37.000,155.88,75.0,155.7,156.05,300.0
2025-10-01,09:44:38.000,156.25,150.0,156.05,156.45,375.0
2025-10-01,09:44:39.000,156.52,225.0,156.3,156.75,75.0
2025-10-01,09:44:40.000,156.52,225.0,156.3,156.75,75.0
2025-10-01,09:44:41.000,156.52,75.0,156.4,156.65,300.0
2025-10-01,09:44:42.000,156.52,75.0,156.4,156.65,300.0
2025-10-01,09:44:43.000,156.62,375.0,156.45,156.8,225.0
2025-10-01,09:44:44.000,156.48,75.0,156.25,156.7,300.0
2025-10-01,09:44:45.000,156.48,75.0,156.25,156.7,300.0
2025-10-01,09:44:46.000,156.22,75.0,156.1,156.35,825.0
2025-10-01,09:44:47.000,156.22,75.0,156.1,156.35,825.0
2025-10-01,09:44:48.000,155.57,375.0,155.4,155.75,150.0
2025-10-01,09:44:49.000,155.78,300.0,155.55,156.0,450.0
2025-10-01,09:44:50.000,155.78,300.0,155.55,156.0,450.0
2025-10-01,09:44:51.000,156.12,300.0,156.0,156.25,450.0
2025-10-01,09:44:52.000,156.12,300.0,156.0,156.25,450.0
2025-10-01,09:44:53.000,156.23,75.0,156.05,156.4,225.0
2025-10-01,09:44:54.000,156.3,150.0,156.1,156.5,300.0
2025-10-01,09:44:55.000,156.3,150.0,156.1,156.5,300.0
2025-10-01,09:44:56.000,156.32,225.0,156.15,156.5,150.0
2025-10-01,09:44:57.000,156.32,225.0,156.15,156.5,150.0
2025-10-01,09:44:58.000,156.32,375.0,156.1,156.55,450.0
2025-10-01,09:44:59.000,156.35,150.0,156.2,156.5,150.0
2025-10-01,09:45:00.000,156.35,150.0,156.2,156.5,150.0
2025-10-01,09:45:01.000,156.75,150.0,156.55,156.95,375.0
2025-10-01,09:45:02.000,156.75,150.0,156.55,156.95,375.0
2025-10-01,09:45:03.000,157.38,225.0,157.15,157.6,375.0
2025-10-01,09:45:04.000,156.72,225.0,156.5,156.95,825.0
