Date,Time,MID_PRICE,BID_SIZE,BID_PRICE,ASK_PRICE,ASK_SIZE
2025-10-01,09:15:00.000,330.5,150.0,329.05,331.95,150.0
2025-10-01,09:15:01.000,330.5,150.0,329.05,331.95,150.0
2025-10-01,09:15:02.000,330.5,150.0,329.05,331.95,150.0
2025-10-01,09:15:03.000,330.5,150.0,329.05,331.95,150.0
2025-10-01,09:15:04.000,330.5,150.0,329.05,331.95,150.0
2025-10-01,09:15:05.000,330.5,150.0,329.05,331.95,150.0
2025-10-01,09:15:06.000,330.5,150.0,329.05,331.95,150.0
2025-10-01,09:15:07.000,330.5,150.0,329.05,331.95,150.0
2025-10-01,09:15:08.000,330.5,150.0,329.05,331.95,150.0
2025-10-01,09:15:09.000,330.5,150.0,329.05,331.95,150.0
2025-10-01,09:15:10.000,330.5,150.0,329.05,331.95,150.0
2025-10-01,09:15:11.000,330.5,150.0,329.05,331.95,150.0
2025-10-01,09:15:12.000,330.0,150.0,328.05,331.95,150.0
2025-10-01,09:15:13.000,328.5,150.0,327.05,329.95,225.0
2025-10-01,09:15:14.000,328.5,150.0,327.05,329.95,225.0
2025-10-01,09:15:15.000,328.0,1500.0,326.05,329.95,225.0
2025-10-01,09:15:16.000,329.58,975.0,328.15,331.0,225.0
2025-10-01,09:15:17.000,329.28,225.0,328.05,330.5,225.0
2025-10-01,09:15:18.000,329.3,150.0,328.05,330.55,225.0
2025-10-01,09:15:19.000,329.3,150.0,328.05,330.55,225.0
2025-10-01,09:15:20.000,328.4,225.0,327.05,329.75,225.0
2025-10-01,09:15:21.000,328.2,600.0,326.45,329.95,150.0
2025-10-01,09:15:22.000,328.7,600.0,327.45,329.95,225.0
2025-10-01,09:15:23.000,328.7,600.0,327.45,329.95,225.0
2025-10-01,09:15:24.000,330.15,750.0,328.45,331.85,225.0
2025-10-01,09:15:25.000,330.67,375.0,329.45,331.9,450.0
2025-10-01,09:15:26.000,330.15,1500.0,328.55,331.75,450.0
2025-10-01,09:15:27.000,330.15,1500.0,328.55,331.75,450.0
2025-10-01,09:15:28.000,330.45,225.0,329.15,331.75,375.0
2025-10-01,09:15:29.000,330.6,675.0,329.45,331.75,375.0
2025-10-01,09:15:30.000,330.65,600.0,329.35,331.95,150.0
2025-10-01,09:15:31.000,330.65,600.0,329.35,331.95,150.0
2025-10-01,09:15:32.000,330.12,75.0,329.3,330.95,150.0
2025-10-01,09:15:33.000,328.5,900.0,327.05,329.95,225.0
2025-10-01,09:15:34.000,328.5,900.0,327.05,329.95,225.0
2025-10-01,09:15:35.000,327.8,600.0,326.15,329.45,375.0
2025-10-01,09:15:36.000,326.12,600.0,324.3,327.95,450.0
2025-10-01,09:15:37.000,328.5,150.0,327.05,329.95,150.0
2025-10-01,09:15:38.000,328.5,150.0,327.05,329.95,150.0
2025-10-01,09:15:39.000,328.3,150.0,327.05,329.55,150.0
2025-10-01,09:15:40.000,327.2,150.0,326.05,328.35,150.0
2025-10-01,09:15:41.000,326.95,375.0,325.3,328.6,150.0
2025-10-01,09:15:42.000,326.95,375.0,325.3,328.6,150.0
2025-10-01,09:15:43.000,327.55,150.0,326.15,328.95,150.0
2025-10-01,09:15:44.000,328.85,150.0,327.05,330.65,150.0
2025-10-01,09:15:45.000,327.98,375.0,326.25,329.7,150.0
2025-10-01,09:15:46.000,327.98,375.0,326.25,329.7,150.0
2025-10-01,09:15:47.000,328.48,1050.0,327.05,329.9,375.0
2025-10-01,09:15:48.000,328.33,825.0,327.05,329.6,375.0
2025-10-01,09:15:49.000,328.8,825.0,327.65,329.95,150.0
2025-10-01,09:15:50.000,328.8,825.0,327.65,329.95,150.0
2025-10-01,09:15:51.000,329.5,150.0,328.05,330.95,375.0
2025-10-01,09:15:52.000,328.78,150.0,327.6,329.95,150.0
2025-10-01,09:15:53.000,330.05,825.0,328.55,331.55,150.0
2025-10-01,09:15:54.000,330.05,825.0,328.55,331.55,150.0
2025-10-01,09:15:55.000,330.2,825.0,328.55,331.85,375.0
2025-10-01,09:15:56.000,331.5,375.0,330.05,332.95,150.0
2025-10-01,09:15:57.000,331.35,150.0,330.05,332.65,375.0
2025-10-01,09:15:58.000,331.35,150.0,330.05,332.65,375.0
2025-10-01,09:15:59.000,330.4,600.0,329.45,331.35,150.0
2025-10-01,09:16:00.000,331.02,150.0,330.05,332.0,150.0
2025-10-01,09:16:01.000,330.75,150.0,330.05,331.45,150.0
2025-10-01,09:16:02.000,330.75,150.0,330.05,331.45,150.0
2025-10-01,09:16:03.000,330.7,375.0,329.85,331.55,375.0
2025-10-01,09:16:04.000,330.5,375.0,329.7,331.3,375.0
2025-10-01,09:16:05.000,329.2,150.0,328.55,329.85,150.0
2025-10-01,09:16:06.000,329.02,150.0,328.05,330.0,150.0
2025-10-01,09:16:07.000,329.02,150.0,328.05,330.0,150.0
2025-10-01,09:16:08.000,327.48,600.0,326.55,328.4,300.0
2025-10-01,09:16:09.000,327.32,2175.0,326.25,328.4,600.0
2025-10-01,09:16:10.000,327.32,2175.0,326.25,328.4,600.0
2025-10-01,09:16:11.000,328.83,825.0,328.1,329.55,225.0
2025-10-01,09:16:12.000,327.62,225.0,327.05,328.2,975.0
2025-10-01,09:16:13.000,329.0,375.0,328.45,329.55,150.0
2025-10-01,09:16:14.000,329.0,375.0,328.45,329.55,150.0
2025-10-01,09:16:15.000,328.75,375.0,327.8,329.7,450.0
2025-10-01,09:16:16.000,328.18,150.0,327.25,329.1,225.0
2025-10-01,09:16:17.000,330.15,375.0,329.6,330.7,300.0
2025-10-01,09:16:18.000,330.15,375.0,329.6,330.7,300.0
2025-10-01,09:16:19.000,330.95,150.0,330.3,331.6,225.0
2025-10-01,09:16:20.000,331.8,1800.0,331.05,332.55,900.0
2025-10-01,09:16:21.000,330.38,375.0,329.65,331.1,900.0
2025-10-01,09:16:22.000,329.7,150.0,329.25,330.15,900.0
2025-10-01,09:16:23.000,329.7,150.0,329.25,330.15,900.0
2025-10-01,09:16:24.000,330.02,375.0,329.55,330.5,1800.0
2025-10-01,09:16:25.000,330.08,1125.0,329.45,330.7,1875.0
2025-10-01,09:16:26.000,330.25,375.0,329.9,330.6,150.0
2025-10-01,09:16:27.000,329.48,600.0,328.8,330.15,150.0
2025-10-01,09:16:28.000,328.7,375.0,328.05,329.35,1800.0
2025-10-01,09:16:29.000,328.7,375.0,328.05,329.35,1800.0
2025-10-01,09:16:30.000,329.58,225.0,329.15,330.0,225.0
2025-10-01,09:16:31.000,329.55,750.0,328.95,330.15,300.0
2025-10-01,09:16:32.000,328.42,675.0,327.05,329.8,375.0
2025-10-01,09:16:33.000,328.42,675.0,327.05,329.8,375.0
2025-10-01,09:16:34.000,328.85,150.0,328.3,329.4,75.0
2025-10-01,09:16:35.000,329.82,225.0,329.25,330.4,450.0
2025-10-01,09:16:36.000,330.75,1125.0,330.2,331.3,150.0
2025-10-01,09:16:37.000,331.15,1875.0,330.55,331.75,225.0
2025-10-01,09:16:38.000,331.15,1875.0,330.55,331.75,225.0
2025-10-01,09:16:39.000,332.17,600.0,331.65,332.7,1800.0
2025-10-01,09:16:40.000,332.85,450.0,331.9,333.8,150.0
2025-10-01,09:16:41.000,333.45,150.0,332.9,334.0,1800.0
2025-10-01,09:16:42.000,333.45,150.0,332.9,334.0,1800.0
2025-10-01,09:16:43.000,333.98,300.0,333.4,334.55,150.0
2025-10-01,09:16:44.000,332.72,375.0,332.2,333.25,1800.0
2025-10-01,09:16:45.000,331.95,900.0,331.4,332.5,150.0
2025-10-01,09:16:46.000,331.95,900.0,331.4,332.5,150.0
2025-10-01,09:16:47.000,332.98,900.0,332.5,333.45,150.0
2025-10-01,09:16:48.000,332.95,1425.0,332.45,333.45,150.0
2025-10-01,09:16:49.000,332.12,900.0,331.55,332.7,450.0
2025-10-01,09:16:50.000,332.12,900.0,331.55,332.7,450.0
2025-10-01,09:16:51.000,331.35,900.0,330.85,331.85,150.0
2025-10-01,09:16:52.000,331.33,900.0,330.8,331.85,225.0
2025-10-01,09:16:53.000,331.12,900.0,330.6,331.65,150.0
2025-10-01,09:16:54.000,331.12,900.0,330.6,331.65,150.0
2025-10-01,09:16:55.000,331.85,975.0,331.35,332.35,225.0
2025-10-01,09:16:56.000,331.8,225.0,331.05,332.55,150.0
2025-10-01,09:16:57.000,332.15,675.0,331.65,332.65,150.0
2025-10-01,09:16:58.000,332.67,375.0,332.2,333.15,225.0
2025-10-01,09:16:59.000,332.67,375.0,332.2,333.15,225.0
2025-10-01,09:17:00.000,331.88,225.0,331.3,332.45,1800.0
2025-10-01,09:17:01.000,332.58,600.0,332.0,333.15,1800.0
2025-10-01,09:17:02.000,332.88,525.0,332.3,333.45,1800.0
2025-10-01,09:17:03.000,332.88,525.0,332.3,333.45,1800.0
2025-10-01,09:17:04.000,333.38,900.0,332.9,333.85,1800.0
2025-10-01,09:17:05.000,332.95,600.0,332.35,333.55,1800.0
2025-10-01,09:17:06.000,332.95,600.0,332.35,333.55,1800.0
2025-10-01,09:17:07.000,333.32,450.0,332.75,333.9,1800.0
2025-10-01,09:17:08.000,333.22,525.0,332.6,333.85,1800.0
2025-10-01,09:17:09.000,333.42,975.0,332.85,334.0,1800.0
2025-10-01,09:17:10.000,334.02,900.0,333.45,334.6,1800.0
2025-10-01,09:17:11.000,334.02,900.0,333.45,334.6,1800.0
2025-10-01,09:17:12.000,332.92,225.0,332.4,333.45,1800.0
2025-10-01,09:17:13.000,332.5,1050.0,331.95,333.05,1800.0
2025-10-01,09:17:14.000,332.5,1050.0,331.95,333.05,1800.0
2025-10-01,09:17:15.000,331.5,1275.0,331.0,332.0,1800.0
2025-10-01,09:17:16.000,331.55,900.0,331.0,332.1,1800.0
2025-10-01,09:17:17.000,331.0,900.0,330.5,331.5,1800.0
2025-10-01,09:17:18.000,329.65,150.0,328.35,330.95,75.0
2025-10-01,09:17:19.000,329.65,150.0,328.35,330.95,75.0
2025-10-01,09:17:20.000,329.8,975.0,329.25,330.35,1800.0
2025-10-01,09:17:21.000,329.3,1425.0,328.75,329.85,1800.0
2025-10-01,09:17:22.000,329.88,975.0,329.35,330.4,1800.0
2025-10-01,09:17:23.000,329.88,975.0,329.35,330.4,1800.0
2025-10-01,09:17:24.000,327.67,900.0,327.15,328.2,1800.0
2025-10-01,09:17:25.000,327.25,900.0,326.75,327.75,1125.0
2025-10-01,09:17:26.000,327.25,900.0,326.75,327.75,1125.0
2025-10-01,09:17:27.000,327.65,900.0,327.0,328.3,1800.0
2025-10-01,09:17:28.000,326.73,975.0,326.25,327.2,1800.0
2025-10-01,09:17:29.000,327.12,900.0,326.6,327.65,1800.0
2025-10-01,09:17:30.000,327.12,900.0,326.6,327.65,1800.0
2025-10-01,09:17:31.000,327.1,150.0,326.2,328.0,225.0
2025-10-01,09:17:32.000,326.12,900.0,325.6,326.65,1800.0
2025-10-01,09:17:33.000,326.25,900.0,325.75,326.75,1800.0
2025-10-01,09:17:34.000,326.25,900.0,325.75,326.75,1800.0
2025-10-01,09:17:35.000,327.15,900.0,326.6,327.7,1800.0
2025-10-01,09:17:36.000,326.8,225.0,326.2,327.4,675.0
2025-10-01,09:17:37.000,326.55,300.0,325.95,327.15,1800.0
2025-10-01,09:17:38.000,326.55,300.0,325.95,327.15,1800.0
2025-10-01,09:17:39.000,324.98,900.0,324.35,325.6,1800.0
2025-10-01,09:17:40.000,325.12,900.0,324.5,325.75,1800.0
2025-10-01,09:17:41.000,325.05,375.0,324.45,325.65,1800.0
2025-10-01,09:17:42.000,325.05,375.0,324.45,325.65,1800.0
2025-10-01,09:17:43.000,326.08,900.0,325.75,326.4,675.0
2025-10-01,09:17:44.000,325.32,600.0,324.7,325.95,1800.0
2025-10-01,09:17:45.000,325.7,300.0,325.2,326.2,2175.0
2025-10-01,09:17:46.000,325.7,300.0,325.2,326.2,2175.0
2025-10-01,09:17:47.000,326.08,225.0,325.5,326.65,675.0
2025-10-01,09:17:48.000,327.85,225.0,327.3,328.4,1800.0
2025-10-01,09:17:49.000,327.23,975.0,326.7,327.75,300.0
2025-10-01,09:17:50.000,327.23,975.0,326.7,327.75,300.0
2025-10-01,09:17:51.000,327.92,525.0,327.5,328.35,300.0
2025-10-01,09:17:52.000,326.62,1125.0,326.1,327.15,225.0
2025-10-01,09:17:53.000,325.27,225.0,324.75,325.8,75.0
2025-10-01,09:17:54.000,325.27,225.0,324.75,325.8,75.0
2025-10-01,09:17:55.000,325.15,450.0,324.75,325.55,150.0
2025-10-01,09:17:56.000,324.88,225.0,324.4,325.35,75.0
2025-10-01,09:17:57.000,324.77,150.0,324.25,325.3,1125.0
2025-10-01,09:17:58.000,324.77,150.0,324.25,325.3,1125.0
2025-10-01,09:17:59.000,323.92,900.0,323.5,324.35,150.0
2025-10-01,09:18:00.000,322.9,900.0,322.4,323.4,75.0
2025-10-01,09:18:01.000,322.42,150.0,321.85,323.0,225.0
2025-10-01,09:18:02.000,322.42,150.0,321.85,323.0,225.0
2025-10-01,09:18:03.000,323.17,150.0,322.4,323.95,225.0
2025-10-01,09:18:04.000,325.02,600.0,324.5,325.55,225.0
2025-10-01,09:18:05.000,323.4,225.0,322.8,324.0,225.0
2025-10-01,09:18:06.000,323.4,225.0,322.8,324.0,225.0
2025-10-01,09:18:07.000,324.05,150.0,323.6,324.5,225.0
2025-10-01,09:18:08.000,324.27,150.0,323.8,324.75,150.0
2025-10-01,09:18:09.000,324.35,225.0,323.9,324.8,375.0
2025-10-01,09:18:10.000,324.35,225.0,323.9,324.8,375.0
2025-10-01,09:18:11.000,324.15,225.0,323.6,324.7,150.0
2025-10-01,09:18:12.000,324.0,150.0,323.4,324.6,225.0
2025-10-01,09:18:13.000,324.2,225.0,323.7,324.7,300.0
2025-10-01,09:18:14.000,324.2,225.0,323.7,324.7,300.0
2025-10-01,09:18:15.000,323.8,150.0,323.3,324.3,225.0
2025-10-01,09:18:16.000,323.5,150.0,323.0,324.0,150.0
2025-10-01,09:18:17.000,323.23,300.0,322.75,323.7,225.0
2025-10-01,09:18:18.000,323.23,300.0,322.75,323.7,225.0
2025-10-01,09:18:19.000,323.67,150.0,323.15,324.2,300.0
2025-10-01,09:18:20.000,323.08,150.0,322.6,323.55,150.0
2025-10-01,09:18:21.000,324.48,225.0,324.0,324.95,150.0
2025-10-01,09:18:22.000,324.48,225.0,324.0,324.95,150.0
2025-10-01,09:18:23.000,324.48,300.0,324.0,324.95,150.0
2025-10-01,09:18:24.000,324.6,150.0,323.9,325.3,150.0
2025-10-01,09:18:25.000,324.75,150.0,324.3,325.2,150.0
2025-10-01,09:18:26.000,324.75,150.0,324.3,325.2,150.0
2025-10-01,09:18:27.000,324.45,225.0,324.05,324.85,225.0
2025-10-01,09:18:28.000,325.17,225.0,324.7,325.65,225.0
2025-10-01,09:18:29.000,325.62,300.0,325.15,326.1,150.0
2025-10-01,09:18:30.000,325.62,300.0,325.15,326.1,150.0
2025-10-01,09:18:31.000,325.75,225.0,325.3,326.2,150.0
2025-10-01,09:18:32.000,326.42,150.0,326.05,326.8,150.0
2025-10-01,09:18:33.000,326.75,225.0,326.35,327.15,300.0
2025-10-01,09:18:34.000,325.95,225.0,325.5,326.4,150.0
2025-10-01,09:18:35.000,325.95,225.0,325.5,326.4,150.0
2025-10-01,09:18:36.000,325.95,225.0,325.5,326.4,150.0
2025-10-01,09:18:37.000,326.1,375.0,325.65,326.55,225.0
2025-10-01,09:18:38.000,325.25,225.0,324.8,325.7,225.0
2025-10-01,09:18:39.000,325.25,225.0,324.8,325.7,225.0
2025-10-01,09:18:40.000,326.17,150.0,325.7,326.65,225.0
2025-10-01,09:18:41.000,325.33,150.0,324.85,325.8,150.0
2025-10-01,09:18:42.000,325.25,225.0,324.8,325.7,225.0
2025-10-01,09:18:43.000,325.25,225.0,324.8,325.7,225.0
2025-10-01,09:18:44.000,324.3,150.0,323.8,324.8,225.0
2025-10-01,09:18:45.000,324.3,150.0,323.8,324.8,225.0
2025-10-01,09:18:46.000,324.77,150.0,324.35,325.2,150.0
2025-10-01,09:18:47.000,325.95,225.0,325.45,326.45,300.0
2025-10-01,09:18:48.000,325.95,225.0,325.45,326.45,300.0
2025-10-01,09:18:49.000,325.6,150.0,325.15,326.05,225.0
2025-10-01,09:18:50.000,326.1,150.0,325.65,326.55,225.0
2025-10-01,09:18:51.000,326.1,150.0,325.65,326.55,225.0
2025-10-01,09:18:52.000,325.9,150.0,325.4,326.4,225.0
2025-10-01,09:18:53.000,325.9,150.0,325.4,326.4,225.0
2025-10-01,09:18:54.000,326.67,150.0,326.15,327.2,225.0
2025-10-01,09:18:55.000,327.18,150.0,326.75,327.6,150.0
2025-10-01,09:18:56.000,327.18,150.0,326.75,327.6,150.0
2025-10-01,09:18:57.000,326.62,150.0,326.1,327.15,225.0
2025-10-01,09:18:58.000,326.62,150.0,326.1,327.15,225.0
2025-10-01,09:18:59.000,328.35,150.0,327.8,328.9,150.0
2025-10-01,09:19:00.000,327.95,150.0,327.45,328.45,150.0
2025-10-01,09:19:01.000,327.95,150.0,327.45,328.45,150.0
2025-10-01,09:19:02.000,328.82,150.0,328.4,329.25,225.0
2025-10-01,09:19:03.000,328.82,150.0,328.4,329.25,225.0
2025-10-01,09:19:04.000,328.12,150.0,327.7,328.55,225.0
2025-10-01,09:19:05.000,329.0,150.0,328.5,329.5,525.0
2025-10-01,09:19:06.000,329.0,150.0,328.5,329.5,525.0
2025-10-01,09:19:07.000,328.35,150.0,327.9,328.8,225.0
2025-10-01,09:19:08.000,328.68,150.0,328.05,329.3,225.0
2025-10-01,09:19:09.000,328.68,150.0,328.05,329.3,225.0
2025-10-01,09:19:10.000,328.28,150.0,327.8,328.75,150.0
2025-10-01,09:19:11.000,328.28,150.0,327.8,328.75,150.0
2025-10-01,09:19:12.000,329.2,225.0,328.65,329.75,375.0
2025-10-01,09:19:13.000,329.02,150.0,328.7,329.35,75.0
2025-10-01,09:19:14.000,329.02,150.0,328.7,329.35,75.0
2025-10-01,09:19:15.000,329.38,75.0,328.9,329.85,150.0
2025-10-01,09:19:16.000,329.38,75.0,328.9,329.85,150.0
2025-10-01,09:19:17.000,328.55,75.0,328.15,328.95,225.0
2025-10-01,09:19:18.000,329.85,300.0,329.25,330.45,300.0
2025-10-01,09:19:19.000,329.85,300.0,329.25,330.45,300.0
2025-10-01,09:19:20.000,330.05,225.0,329.7,330.4,300.0
2025-10-01,09:19:21.000,330.05,225.0,329.7,330.4,300.0
2025-10-01,09:19:22.000,331.3,225.0,330.8,331.8,225.0
2025-10-01,09:19:23.000,331.6,75.0,330.95,332.25,150.0
2025-10-01,09:19:24.000,331.6,75.0,330.95,332.25,150.0
2025-10-01,09:19:25.000,330.5,150.0,330.0,331.0,225.0
2025-10-01,09:19:26.000,330.5,150.0,330.0,331.0,225.0
2025-10-01,09:19:27.000,329.12,150.0,328.4,329.85,225.0
2025-10-01,09:19:28.000,328.7,375.0,328.15,329.25,225.0
2025-10-01,09:19:29.000,328.7,375.0,328.15,329.25,225.0
2025-10-01,09:19:30.000,328.42,75.0,328.0,328.85,225.0
2025-10-01,09:19:31.000,328.25,225.0,327.7,328.8,225.0
2025-10-01,09:19:32.000,328.25,225.0,327.7,328.8,225.0
2025-10-01,09:19:33.000,328.65,75.0,328.1,329.2,225.0
2025-10-01,09:19:34.000,328.65,75.0,328.1,329.2,225.0
2025-10-01,09:19:35.000,328.2,225.0,327.65,328.75,225.0
2025-10-01,09:19:36.000,328.32,150.0,327.75,328.9,225.0
2025-10-01,09:19:37.000,328.32,150.0,327.75,328.9,225.0
2025-10-01,09:19:38.000,328.85,375.0,328.3,329.4,225.0
2025-10-01,09:19:39.000,328.85,375.0,328.3,329.4,225.0
2025-10-01,09:19:40.000,328.62,75.0,328.25,329.0,150.0
2025-10-01,09:19:41.000,328.22,150.0,327.7,328.75,225.0
2025-10-01,09:19:42.000,328.22,150.0,327.7,328.75,225.0
2025-10-01,09:19:43.000,327.83,150.0,327.35,328.3,225.0
2025-10-01,09:19:44.000,328.12,150.0,327.55,328.7,300.0
2025-10-01,09:19:45.000,328.12,150.0,327.55,328.7,300.0
2025-10-01,09:19:46.000,327.35,150.0,326.9,327.8,75.0
2025-10-01,09:19:47.000,328.18,75.0,327.85,328.5,300.0
2025-10-01,09:19:48.000,328.18,75.0,327.85,328.5,300.0
2025-10-01,09:19:49.000,329.55,75.0,329.2,329.9,150.0
2025-10-01,09:19:50.000,329.55,75.0,329.2,329.9,150.0
2025-10-01,09:19:51.000,330.68,150.0,330.1,331.25,300.0
2025-10-01,09:19:52.000,330.52,225.0,329.95,331.1,225.0
2025-10-01,09:19:53.000,330.52,225.0,329.95,331.1,225.0
2025-10-01,09:19:54.000,330.95,75.0,330.5,331.4,525.0
2025-10-01,09:19:55.000,330.95,75.0,330.5,331.4,525.0
2025-10-01,09:19:56.000,331.05,150.0,330.5,331.6,225.0
2025-10-01,09:19:57.000,331.65,225.0,331.2,332.1,225.0
2025-10-01,09:19:58.000,331.65,225.0,331.2,332.1,225.0
2025-10-01,09:19:59.000,333.15,150.0,332.6,333.7,300.0
2025-10-01,09:20:00.000,333.15,150.0,332.6,333.7,300.0
2025-10-01,09:20:01.000,333.75,150.0,333.3,334.2,150.0
2025-10-01,09:20:02.000,333.45,150.0,332.95,333.95,150.0
2025-10-01,09:20:03.000,333.45,150.0,332.95,333.95,150.0
2025-10-01,09:20:04.000,334.35,150.0,333.8,334.9,225.0
2025-10-01,09:20:05.000,334.35,150.0,333.8,334.9,225.0
2025-10-01,09:20:06.000,333.12,150.0,332.5,333.75,225.0
2025-10-01,09:20:07.000,334.58,150.0,334.0,335.15,375.0
2025-10-01,09:20:08.000,334.58,150.0,334.0,335.15,375.0
2025-10-01,09:20:09.000,334.33,225.0,333.8,334.85,150.0
2025-10-01,09:20:10.000,334.33,225.0,333.8,334.85,150.0
2025-10-01,09:20:11.000,334.6,150.0,334.2,335.0,75.0
2025-10-01,09:20:12.000,335.15,150.0,334.7,335.6,225.0
2025-10-01,09:20:13.000,335.15,150.0,334.7,335.6,225.0
2025-10-01,09:20:14.000,335.35,150.0,334.85,335.85,150.0
2025-10-01,09:20:15.000,336.22,150.0,335.7,336.75,150.0
2025-10-01,09:20:16.000,336.22,150.0,335.7,336.75,150.0
2025-10-01,09:20:17.000,335.85,150.0,335.25,336.45,525.0
2025-10-01,09:20:18.000,335.85,150.0,335.25,336.45,525.0
2025-10-01,09:20:19.000,336.65,150.0,336.05,337.25,300.0
2025-10-01,09:20:20.000,337.78,150.0,337.05,338.5,150.0
2025-10-01,09:20:21.000,337.78,150.0,337.05,338.5,150.0
2025-10-01,09:20:22.000,337.8,375.0,337.1,338.5,225.0
2025-10-01,09:20:23.000,337.8,375.0,337.1,338.5,225.0
2025-10-01,09:20:24.000,337.8,225.0,337.15,338.45,225.0
2025-10-01,09:20:25.000,338.08,225.0,337.4,338.75,150.0
2025-10-01,09:20:26.000,338.08,225.0,337.4,338.75,150.0
2025-10-01,09:20:27.000,338.35,150.0,337.95,338.75,150.0
2025-10-01,09:20:28.000,338.35,150.0,337.95,338.75,150.0
2025-10-01,09:20:29.000,337.15,150.0,336.55,337.75,150.0
2025-10-01,09:20:30.000,337.0,300.0,336.55,337.45,75.0
2025-10-01,09:20:31.000,337.0,300.0,336.55,337.45,75.0
2025-10-01,09:20:32.000,336.8,150.0,336.3,337.3,225.0
2025-10-01,09:20:33.000,336.8,150.0,336.3,337.3,225.0
2025-10-01,09:20:34.000,336.1,150.0,335.55,336.65,150.0
2025-10-01,09:20:35.000,335.52,75.0,335.1,335.95,150.0
2025-10-01,09:20:36.000,335.52,75.0,335.1,335.95,150.0
2025-10-01,09:20:37.000,336.9,150.0,336.35,337.45,300.0
2025-10-01,09:20:38.000,336.9,150.0,336.35,337.45,300.0
2025-10-01,09:20:39.000,337.35,150.0,336.8,337.9,225.0
2025-10-01,09:20:40.000,337.2,75.0,336.75,337.65,225.0
2025-10-01,09:20:41.000,337.2,75.0,336.75,337.65,225.0
2025-10-01,09:20:42.000,335.35,150.0,334.8,335.9,150.0
2025-10-01,09:20:43.000,335.35,150.0,334.8,335.9,150.0
2025-10-01,09:20:44.000,335.08,150.0,334.5,335.65,75.0
2025-10-01,09:20:45.000,335.8,900.0,335.3,336.3,300.0
2025-10-01,09:20:46.000,335.8,900.0,335.3,336.3,300.0
2025-10-01,09:20:47.000,336.2,150.0,335.6,336.8,225.0
2025-10-01,09:20:48.000,336.2,150.0,335.6,336.8,225.0
2025-10-01,09:20:49.000,334.92,150.0,334.0,335.85,150.0
2025-10-01,09:20:50.000,335.85,750.0,335.55,336.15,300.0
2025-10-01,09:20:51.000,335.85,750.0,335.55,336.15,300.0
2025-10-01,09:20:52.000,336.12,900.0,335.75,336.5,300.0
2025-10-01,09:20:53.000,336.12,900.0,335.75,336.5,300.0
2025-10-01,09:20:54.000,334.0,150.0,333.5,334.5,150.0
2025-10-01,09:20:55.000,333.78,150.0,333.1,334.45,225.0
2025-10-01,09:20:56.000,333.78,150.0,333.1,334.45,225.0
2025-10-01,09:20:57.000,331.92,150.0,331.3,332.55,225.0
2025-10-01,09:20:58.000,331.92,150.0,331.3,332.55,225.0
2025-10-01,09:20:59.000,332.05,225.0,331.5,332.6,150.0
2025-10-01,09:21:00.000,333.02,75.0,332.3,333.75,225.0
2025-10-01,09:21:01.000,333.02,75.0,332.3,333.75,225.0
2025-10-01,09:21:02.000,333.35,300.0,332.75,333.95,225.0
2025-10-01,09:21:03.000,333.35,300.0,332.75,333.95,225.0
2025-10-01,09:21:04.000,334.15,75.0,333.3,335.0,150.0
2025-10-01,09:21:05.000,334.72,75.0,334.05,335.4,375.0
2025-10-01,09:21:06.000,334.72,75.0,334.05,335.4,375.0
2025-10-01,09:21:07.000,333.9,375.0,333.35,334.45,225.0
2025-10-01,09:21:08.000,333.9,375.0,333.35,334.45,225.0
2025-10-01,09:21:09.000,333.55,150.0,333.0,334.1,150.0
2025-10-01,09:21:10.000,332.92,375.0,332.3,333.55,225.0
2025-10-01,09:21:11.000,332.92,375.0,332.3,333.55,225.0
2025-10-01,09:21:12.000,333.2,150.0,332.55,333.85,225.0
2025-10-01,09:21:13.000,333.2,150.0,332.55,333.85,225.0
2025-10-01,09:21:14.000,333.1,375.0,332.5,333.7,375.0
2025-10-01,09:21:15.000,331.42,150.0,330.9,331.95,150.0
2025-10-01,09:21:16.000,331.42,150.0,330.9,331.95,150.0
2025-10-01,09:21:17.000,330.3,225.0,329.65,330.95,525.0
2025-10-01,09:21:18.000,330.3,225.0,329.65,330.95,525.0
2025-10-01,09:21:19.000,330.7,225.0,330.15,331.25,225.0
2025-10-01,09:21:20.000,331.02,75.0,330.5,331.55,225.0
2025-10-01,09:21:21.000,331.02,75.0,330.5,331.55,225.0
2025-10-01,09:21:22.000,333.02,300.0,332.1,333.95,150.0
2025-10-01,09:21:23.000,333.02,300.0,332.1,333.95,150.0
2025-10-01,09:21:24.000,332.9,225.0,332.4,333.4,300.0
2025-10-01,09:21:25.000,334.08,75.0,333.45,334.7,150.0
2025-10-01,09:21:26.000,334.08,75.0,333.45,334.7,150.0
2025-10-01,09:21:27.000,335.3,75.0,334.7,335.9,150.0
2025-10-01,09:21:28.000,335.3,75.0,334.7,335.9,150.0
2025-10-01,09:21:29.000,335.9,75.0,335.3,336.5,150.0
2025-10-01,09:21:30.000,335.0,150.0,334.45,335.55,300.0
2025-10-01,09:21:31.000,335.0,150.0,334.45,335.55,300.0
2025-10-01,09:21:32.000,334.8,150.0,334.3,335.3,150.0
2025-10-01,09:21:33.000,334.8,150.0,334.3,335.3,150.0
2025-10-01,09:21:34.000,333.6,75.0,333.05,334.15,225.0
2025-10-01,09:21:35.000,333.92,75.0,333.4,334.45,150.0
2025-10-01,09:21:36.000,333.92,75.0,333.4,334.45,150.0
2025-10-01,09:21:37.000,333.67,150.0,333.15,334.2,225.0
2025-10-01,09:21:38.000,333.67,150.0,333.15,334.2,225.0
2025-10-01,09:21:39.000,332.88,75.0,332.35,333.4,300.0
2025-10-01,09:21:40.000,332.85,75.0,332.35,333.35,300.0
2025-10-01,09:21:41.000,332.85,75.0,332.35,333.35,300.0
2025-10-01,09:21:42.000,332.5,150.0,331.9,333.1,150.0
2025-10-01,09:21:43.000,332.5,150.0,331.9,333.1,150.0
2025-10-01,09:21:44.000,332.38,375.0,331.85,332.9,300.0
2025-10-01,09:21:45.000,332.95,75.0,332.4,333.5,300.0
2025-10-01,09:21:46.000,332.95,75.0,332.4,333.5,300.0
2025-10-01,09:21:47.000,332.85,75.0,332.4,333.3,150.0
2025-10-01,09:21:48.000,332.85,75.0,332.4,333.3,150.0
2025-10-01,09:21:49.000,332.12,75.0,331.55,332.7,225.0
2025-10-01,09:21:50.000,331.82,75.0,331.25,332.4,225.0
2025-10-01,09:21:51.000,331.82,75.0,331.25,332.4,225.0
2025-10-01,09:21:52.000,332.38,225.0,331.8,332.95,150.0
2025-10-01,09:21:53.000,332.38,225.0,331.8,332.95,150.0
2025-10-01,09:21:54.000,332.78,225.0,332.25,333.3,375.0
2025-10-01,09:21:55.000,332.42,525.0,331.85,333.0,300.0
2025-10-01,09:21:56.000,332.42,525.0,331.85,333.0,300.0
2025-10-01,09:21:57.000,331.7,300.0,331.2,332.2,225.0
2025-10-01,09:21:58.000,331.7,300.0,331.2,332.2,225.0
2025-10-01,09:21:59.000,331.0,75.0,330.5,331.5,300.0
2025-10-01,09:22:00.000,329.7,75.0,329.05,330.35,150.0
2025-10-01,09:22:01.000,329.7,75.0,329.05,330.35,150.0
2025-10-01,09:22:02.000,329.8,75.0,329.25,330.35,300.0
2025-10-01,09:22:03.000,329.8,75.0,329.25,330.35,300.0
2025-10-01,09:22:04.000,330.08,75.0,329.55,330.6,150.0
2025-10-01,09:22:05.000,329.28,75.0,328.5,330.05,150.0
2025-10-01,09:22:06.000,329.28,75.0,328.5,330.05,150.0
2025-10-01,09:22:07.000,329.02,300.0,328.55,329.5,225.0
2025-10-01,09:22:08.000,329.02,300.0,328.55,329.5,225.0
2025-10-01,09:22:09.000,329.4,75.0,328.85,329.95,300.0
2025-10-01,09:22:10.000,329.65,75.0,329.15,330.15,300.0
2025-10-01,09:22:11.000,329.65,75.0,329.15,330.15,300.0
2025-10-01,09:22:12.000,329.9,225.0,329.25,330.55,375.0
2025-10-01,09:22:13.000,329.9,225.0,329.25,330.55,375.0
2025-10-01,09:22:14.000,328.9,150.0,328.3,329.5,225.0
2025-10-01,09:22:15.000,329.3,75.0,328.85,329.75,225.0
2025-10-01,09:22:16.000,329.3,75.0,328.85,329.75,225.0
2025-10-01,09:22:17.000,328.5,225.0,328.05,328.95,150.0
2025-10-01,09:22:18.000,328.5,225.0,328.05,328.95,150.0
2025-10-01,09:22:19.000,328.42,75.0,327.85,329.0,150.0
2025-10-01,09:22:20.000,328.58,225.0,328.05,329.1,525.0
2025-10-01,09:22:21.000,328.58,225.0,328.05,329.1,525.0
2025-10-01,09:22:22.000,328.25,75.0,327.7,328.8,300.0
2025-10-01,09:22:23.000,328.52,225.0,328.05,329.0,150.0
2025-10-01,09:22:24.000,328.52,225.0,328.05,329.0,150.0
2025-10-01,09:22:25.000,327.98,75.0,327.4,328.55,300.0
2025-10-01,09:22:26.000,327.98,75.0,327.4,328.55,300.0
2025-10-01,09:22:27.000,328.38,75.0,327.9,328.85,150.0
2025-10-01,09:22:28.000,328.48,150.0,327.95,329.0,150.0
2025-10-01,09:22:29.000,328.48,150.0,327.95,329.0,150.0
2025-10-01,09:22:30.000,329.2,225.0,328.7,329.7,525.0
2025-10-01,09:22:31.000,329.2,225.0,328.7,329.7,525.0
2025-10-01,09:22:32.000,328.83,225.0,328.3,329.35,750.0
2025-10-01,09:22:33.000,329.1,75.0,328.55,329.65,300.0
2025-10-01,09:22:34.000,329.1,75.0,328.55,329.65,300.0
2025-10-01,09:22:35.000,328.72,75.0,328.15,329.3,300.0
2025-10-01,09:22:36.000,328.72,75.0,328.15,329.3,300.0
2025-10-01,09:22:37.000,329.25,75.0,328.7,329.8,300.0
2025-10-01,09:22:38.000,329.62,150.0,329.15,330.1,300.0
2025-10-01,09:22:39.000,329.62,150.0,329.15,330.1,300.0
2025-10-01,09:22:40.000,329.08,75.0,328.55,329.6,300.0
2025-10-01,09:22:41.000,329.28,75.0,328.8,329.75,375.0
2025-10-01,09:22:42.000,329.28,75.0,328.8,329.75,375.0
2025-10-01,09:22:43.000,329.17,150.0,328.65,329.7,225.0
2025-10-01,09:22:44.000,329.17,150.0,328.65,329.7,225.0
2025-10-01,09:22:45.000,328.83,375.0,328.3,329.35,300.0
2025-10-01,09:22:46.000,328.8,75.0,328.35,329.25,750.0
2025-10-01,09:22:47.000,328.8,75.0,328.35,329.25,750.0
2025-10-01,09:22:48.000,328.6,225.0,328.1,329.1,225.0
2025-10-01,09:22:49.000,328.7,525.0,328.2,329.2,300.0
2025-10-01,09:22:50.000,328.7,525.0,328.2,329.2,300.0
2025-10-01,09:22:51.000,328.83,300.0,328.35,329.3,300.0
2025-10-01,09:22:52.000,328.83,300.0,328.35,329.3,300.0
2025-10-01,09:22:53.000,328.9,150.0,328.35,329.45,300.0
2025-10-01,09:22:54.000,330.02,150.0,329.5,330.55,300.0
2025-10-01,09:22:55.000,330.02,150.0,329.5,330.55,300.0
2025-10-01,09:22:56.000,329.65,75.0,329.2,330.1,225.0
2025-10-01,09:22:57.000,329.65,75.0,329.2,330.1,225.0
2025-10-01,09:22:58.000,330.88,375.0,330.4,331.35,300.0
2025-10-01,09:22:59.000,330.22,150.0,329.8,330.65,525.0
2025-10-01,09:23:00.000,330.22,150.0,329.8,330.65,525.0
2025-10-01,09:23:01.000,330.3,75.0,329.85,330.75,225.0
2025-10-01,09:23:02.000,330.3,75.0,329.85,330.75,225.0
2025-10-01,09:23:03.000,330.38,225.0,329.85,330.9,300.0
2025-10-01,09:23:04.000,330.8,150.0,330.3,331.3,225.0
2025-10-01,09:23:05.000,330.8,150.0,330.3,331.3,225.0
2025-10-01,09:23:06.000,330.48,225.0,330.0,330.95,300.0
2025-10-01,09:23:07.000,330.48,225.0,330.0,330.95,300.0
2025-10-01,09:23:08.000,329.85,375.0,329.3,330.4,225.0
2025-10-01,09:23:09.000,330.2,300.0,329.7,330.7,225.0
2025-10-01,09:23:10.000,330.2,300.0,329.7,330.7,225.0
2025-10-01,09:23:11.000,330.18,75.0,329.8,330.55,300.0
2025-10-01,09:23:12.000,330.18,75.0,329.8,330.55,300.0
2025-10-01,09:23:13.000,329.48,225.0,328.95,330.0,225.0
2025-10-01,09:23:14.000,329.38,150.0,328.85,329.9,300.0
2025-10-01,09:23:15.000,329.38,150.0,328.85,329.9,300.0
2025-10-01,09:23:16.000,328.55,150.0,328.05,329.05,375.0
2025-10-01,09:23:17.000,328.55,150.0,328.05,329.05,375.0
2025-10-01,09:23:18.000,327.88,300.0,327.35,328.4,300.0
2025-10-01,09:23:19.000,327.5,150.0,327.05,327.95,225.0
2025-10-01,09:23:20.000,327.5,150.0,327.05,327.95,225.0
2025-10-01,09:23:21.000,327.98,150.0,327.5,328.45,150.0
2025-10-01,09:23:22.000,327.98,150.0,327.5,328.45,150.0
2025-10-01,09:23:23.000,328.45,150.0,327.95,328.95,225.0
2025-10-01,09:23:24.000,328.52,150.0,328.0,329.05,225.0
2025-10-01,09:23:25.000,328.52,150.0,328.0,329.05,225.0
2025-10-01,09:23:26.000,330.0,150.0,329.45,330.55,375.0
2025-10-01,09:23:27.000,330.0,150.0,329.45,330.55,375.0
2025-10-01,09:23:28.000,330.35,150.0,329.8,330.9,225.0
2025-10-01,09:23:29.000,330.2,150.0,329.65,330.75,225.0
2025-10-01,09:23:30.000,330.2,150.0,329.65,330.75,225.0
2025-10-01,09:23:31.000,329.25,150.0,328.7,329.8,150.0
2025-10-01,09:23:32.000,329.25,150.0,328.7,329.8,150.0
2025-10-01,09:23:33.000,328.85,150.0,328.3,329.4,225.0
2025-10-01,09:23:34.000,328.62,150.0,328.15,329.1,225.0
2025-10-01,09:23:35.000,328.62,150.0,328.15,329.1,225.0
2025-10-01,09:23:36.000,328.42,225.0,327.9,328.95,600.0
2025-10-01,09:23:37.000,328.42,225.0,327.9,328.95,600.0
2025-10-01,09:23:38.000,330.08,525.0,329.35,330.8,300.0
2025-10-01,09:23:39.000,330.25,150.0,329.65,330.85,300.0
2025-10-01,09:23:40.000,330.25,150.0,329.65,330.85,300.0
2025-10-01,09:23:41.000,329.58,75.0,329.05,330.1,225.0
2025-10-01,09:23:42.000,329.58,75.0,329.05,330.1,225.0
2025-10-01,09:23:43.000,328.95,525.0,328.25,329.65,600.0
2025-10-01,09:23:44.000,329.02,75.0,328.55,329.5,300.0
2025-10-01,09:23:45.000,329.02,75.0,328.55,329.5,300.0
2025-10-01,09:23:46.000,329.12,75.0,328.6,329.65,300.0
2025-10-01,09:23:47.000,329.12,75.0,328.6,329.65,300.0
2025-10-01,09:23:48.000,329.02,150.0,328.5,329.55,225.0
2025-10-01,09:23:49.000,328.48,150.0,328.0,328.95,300.0
2025-10-01,09:23:50.000,328.48,150.0,328.0,328.95,300.0
2025-10-01,09:23:51.000,328.42,150.0,327.95,328.9,225.0
2025-10-01,09:23:52.000,328.42,150.0,327.95,328.9,225.0
2025-10-01,09:23:53.000,327.42,150.0,326.95,327.9,225.0
2025-10-01,09:23:54.000,326.62,150.0,326.05,327.2,225.0
2025-10-01,09:23:55.000,326.62,150.0,326.05,327.2,225.0
2025-10-01,09:23:56.000,325.98,150.0,325.6,326.35,525.0
2025-10-01,09:23:57.000,325.98,150.0,325.6,326.35,525.0
2025-10-01,09:23:58.000,326.88,450.0,326.2,327.55,450.0
2025-10-01,09:23:59.000,326.5,150.0,326.0,327.0,225.0
2025-10-01,09:24:00.000,326.5,150.0,326.0,327.0,225.0
2025-10-01,09:24:01.000,326.48,150.0,325.95,327.0,300.0
2025-10-01,09:24:02.000,326.48,150.0,325.95,327.0,300.0
2025-10-01,09:24:03.000,326.05,150.0,325.6,326.5,225.0
2025-10-01,09:24:04.000,325.67,150.0,325.2,326.15,225.0
2025-10-01,09:24:05.000,325.67,150.0,325.2,326.15,225.0
2025-10-01,09:24:06.000,325.92,150.0,325.45,326.4,300.0
2025-10-01,09:24:07.000,325.92,150.0,325.45,326.4,300.0
2025-10-01,09:24:08.000,325.45,150.0,324.9,326.0,225.0
2025-10-01,09:24:09.000,325.77,150.0,325.25,326.3,300.0
2025-10-01,09:24:10.000,325.77,150.0,325.25,326.3,300.0
2025-10-01,09:24:11.000,325.42,150.0,324.95,325.9,150.0
2025-10-01,09:24:12.000,325.42,150.0,324.95,325.9,150.0
2025-10-01,09:24:13.000,325.8,150.0,325.35,326.25,225.0
2025-10-01,09:24:14.000,325.85,150.0,325.35,326.35,300.0
2025-10-01,09:24:15.000,325.85,150.0,325.35,326.35,300.0
2025-10-01,09:24:16.000,325.95,75.0,325.35,326.55,375.0
2025-10-01,09:24:17.000,325.95,75.0,325.35,326.55,375.0
2025-10-01,09:24:18.000,325.3,525.0,324.65,325.95,225.0
2025-10-01,09:24:19.000,324.23,150.0,323.55,324.9,375.0
2025-10-01,09:24:20.000,324.23,150.0,323.55,324.9,375.0
2025-10-01,09:24:21.000,324.85,75.0,324.3,325.4,300.0
2025-10-01,09:24:22.000,324.85,75.0,324.3,325.4,300.0
2025-10-01,09:24:23.000,324.73,75.0,324.2,325.25,450.0
2025-10-01,09:24:24.000,324.82,225.0,324.15,325.5,225.0
2025-10-01,09:24:25.000,324.82,225.0,324.15,325.5,225.0
2025-10-01,09:24:26.000,324.27,300.0,323.45,325.1,150.0
2025-10-01,09:24:27.000,324.27,300.0,323.45,325.1,150.0
2025-10-01,09:24:28.000,324.58,150.0,324.1,325.05,225.0
2025-10-01,09:24:29.000,324.73,150.0,324.2,325.25,150.0
2025-10-01,09:24:30.000,324.73,150.0,324.2,325.25,150.0
2025-10-01,09:24:31.000,325.6,150.0,325.2,326.0,150.0
2025-10-01,09:24:32.000,325.6,150.0,325.2,326.0,150.0
2025-10-01,09:24:33.000,325.88,225.0,325.4,326.35,150.0
2025-10-01,09:24:34.000,326.25,300.0,325.7,326.8,225.0
2025-10-01,09:24:35.000,326.25,300.0,325.7,326.8,225.0
2025-10-01,09:24:36.000,326.85,300.0,326.3,327.4,150.0
2025-10-01,09:24:37.000,326.85,300.0,326.3,327.4,150.0
2025-10-01,09:24:38.000,327.25,600.0,326.7,327.8,225.0
2025-10-01,09:24:39.000,327.12,300.0,326.6,327.65,225.0
2025-10-01,09:24:40.000,327.12,300.0,326.6,327.65,225.0
2025-10-01,09:24:41.000,328.02,225.0,327.5,328.55,300.0
2025-10-01,09:24:42.000,328.02,225.0,327.5,328.55,300.0
2025-10-01,09:24:43.000,327.02,75.0,326.55,327.5,225.0
2025-10-01,09:24:44.000,325.95,225.0,325.4,326.5,225.0
2025-10-01,09:24:45.000,325.95,225.0,325.4,326.5,225.0
2025-10-01,09:24:46.000,326.02,525.0,325.45,326.6,225.0
2025-10-01,09:24:47.000,326.02,525.0,325.45,326.6,225.0
2025-10-01,09:24:48.000,326.25,225.0,325.65,326.85,600.0
2025-10-01,09:24:49.000,325.18,225.0,324.5,325.85,225.0
2025-10-01,09:24:50.000,325.18,225.0,324.5,325.85,225.0
2025-10-01,09:24:51.000,325.1,225.0,324.55,325.65,225.0
2025-10-01,09:24:52.000,325.1,225.0,324.55,325.65,225.0
2025-10-01,09:24:53.000,324.23,150.0,323.7,324.75,525.0
2025-10-01,09:24:54.000,323.33,150.0,322.8,323.85,225.0
2025-10-01,09:24:55.000,323.33,150.0,322.8,323.85,225.0
2025-10-01,09:24:56.000,323.33,225.0,322.85,323.8,225.0
2025-10-01,09:24:57.000,323.33,225.0,322.85,323.8,225.0
2025-10-01,09:24:58.000,324.15,225.0,323.65,324.65,225.0
2025-10-01,09:24:59.000,323.25,225.0,322.8,323.7,225.0
2025-10-01,09:25:00.000,323.25,225.0,322.8,323.7,225.0
2025-10-01,09:25:01.000,322.75,150.0,322.2,323.3,525.0
2025-10-01,09:25:02.000,322.75,150.0,322.2,323.3,525.0
2025-10-01,09:25:03.000,322.98,225.0,322.5,323.45,225.0
2025-10-01,09:25:04.000,322.88,150.0,322.1,323.65,150.0
2025-10-01,09:25:05.000,322.88,150.0,322.1,323.65,150.0
2025-10-01,09:25:06.000,322.98,150.0,322.45,323.5,225.0
2025-10-01,09:25:07.000,322.98,150.0,322.45,323.5,225.0
2025-10-01,09:25:08.000,324.27,150.0,323.8,324.75,225.0
2025-10-01,09:25:09.000,323.52,150.0,323.1,323.95,150.0
2025-10-01,09:25:10.000,323.52,150.0,323.1,323.95,150.0
2025-10-01,09:25:11.000,322.75,150.0,322.25,323.25,300.0
2025-10-01,09:25:12.000,322.75,150.0,322.25,323.25,300.0
2025-10-01,09:25:13.000,322.52,150.0,322.1,322.95,150.0
2025-10-01,09:25:14.000,322.12,75.0,321.7,322.55,225.0
2025-10-01,09:25:15.000,322.12,75.0,321.7,322.55,225.0
2025-10-01,09:25:16.000,321.4,150.0,320.9,321.9,225.0
2025-10-01,09:25:17.000,321.4,150.0,320.9,321.9,225.0
2025-10-01,09:25:18.000,321.83,225.0,321.3,322.35,300.0
2025-10-01,09:25:19.000,321.55,150.0,321.15,321.95,225.0
2025-10-01,09:25:20.000,321.55,150.0,321.15,321.95,225.0
2025-10-01,09:25:21.000,321.62,150.0,321.25,322.0,225.0
2025-10-01,09:25:22.000,321.62,150.0,321.25,322.0,225.0
2025-10-01,09:25:23.000,322.42,150.0,321.95,322.9,150.0
2025-10-01,09:25:24.000,321.5,150.0,321.05,321.95,300.0
2025-10-01,09:25:25.000,321.5,150.0,321.05,321.95,300.0
2025-10-01,09:25:26.000,322.18,75.0,321.75,322.6,75.0
2025-10-01,09:25:27.000,322.18,75.0,321.75,322.6,75.0
2025-10-01,09:25:28.000,322.3,150.0,322.0,322.6,75.0
2025-10-01,09:25:29.000,322.42,150.0,322.0,322.85,300.0
2025-10-01,09:25:30.000,322.42,150.0,322.0,322.85,300.0
2025-10-01,09:25:31.000,323.33,150.0,322.8,323.85,300.0
2025-10-01,09:25:32.000,323.33,150.0,322.8,323.85,300.0
2025-10-01,09:25:33.000,323.02,150.0,322.65,323.4,150.0
2025-10-01,09:25:34.000,322.62,150.0,322.25,323.0,225.0
2025-10-01,09:25:35.000,322.62,150.0,322.25,323.0,225.0
2025-10-01,09:25:36.000,322.45,150.0,322.0,322.9,300.0
2025-10-01,09:25:37.000,322.45,150.0,322.0,322.9,300.0
2025-10-01,09:25:38.000,322.38,150.0,321.9,322.85,225.0
2025-10-01,09:25:39.000,320.88,150.0,320.45,321.3,75.0
2025-10-01,09:25:40.000,320.88,150.0,320.45,321.3,75.0
2025-10-01,09:25:41.000,320.2,225.0,319.65,320.75,150.0
2025-10-01,09:25:42.000,320.2,225.0,319.65,320.75,150.0
2025-10-01,09:25:43.000,320.5,75.0,320.2,320.8,75.0
2025-10-01,09:25:44.000,320.5,75.0,320.2,320.8,75.0
2025-10-01,09:25:45.000,321.38,150.0,321.1,321.65,75.0
2025-10-01,09:25:46.000,321.6,75.0,321.2,322.0,300.0
2025-10-01,09:25:47.000,321.6,75.0,321.2,322.0,300.0
2025-10-01,09:25:48.000,321.0,75.0,320.55,321.45,150.0
2025-10-01,09:25:49.000,321.0,75.0,320.55,321.45,150.0
2025-10-01,09:25:50.000,320.75,75.0,320.35,321.15,150.0
2025-10-01,09:25:51.000,320.95,450.0,320.45,321.45,300.0
2025-10-01,09:25:52.000,320.95,450.0,320.45,321.45,300.0
2025-10-01,09:25:53.000,321.52,150.0,321.05,322.0,450.0
2025-10-01,09:25:54.000,321.52,150.0,321.05,322.0,450.0
2025-10-01,09:25:55.000,321.55,75.0,321.1,322.0,150.0
2025-10-01,09:25:56.000,321.62,225.0,321.25,322.0,150.0
2025-10-01,09:25:57.000,321.62,225.0,321.25,322.0,150.0
2025-10-01,09:25:58.000,322.48,300.0,322.0,322.95,225.0
2025-10-01,09:25:59.000,322.48,300.0,322.0,322.95,225.0
2025-10-01,09:26:00.000,323.02,75.0,322.55,323.5,375.0
2025-10-01,09:26:01.000,322.9,75.0,322.5,323.3,225.0
2025-10-01,09:26:02.000,322.9,75.0,322.5,323.3,225.0
2025-10-01,09:26:03.000,322.95,75.0,322.45,323.45,300.0
2025-10-01,09:26:04.000,322.95,75.0,322.45,323.45,300.0
2025-10-01,09:26:05.000,323.05,75.0,322.6,323.5,300.0
2025-10-01,09:26:06.000,323.95,300.0,323.45,324.45,300.0
2025-10-01,09:26:07.000,323.95,300.0,323.45,324.45,300.0
2025-10-01,09:26:08.000,324.33,150.0,323.8,324.85,225.0
2025-10-01,09:26:09.000,324.33,150.0,323.8,324.85,225.0
2025-10-01,09:26:10.000,324.0,150.0,323.5,324.5,150.0
2025-10-01,09:26:11.000,324.58,150.0,324.15,325.0,75.0
2025-10-01,09:26:12.000,324.58,150.0,324.15,325.0,75.0
2025-10-01,09:26:13.000,325.02,75.0,324.55,325.5,150.0
2025-10-01,09:26:14.000,325.02,75.0,324.55,325.5,150.0
2025-10-01,09:26:15.000,326.35,75.0,325.8,326.9,150.0
2025-10-01,09:26:16.000,326.68,600.0,326.05,327.3,300.0
2025-10-01,09:26:17.000,326.68,600.0,326.05,327.3,300.0
2025-10-01,09:26:18.000,326.45,300.0,325.9,327.0,150.0
2025-10-01,09:26:19.000,326.45,300.0,325.9,327.0,150.0
2025-10-01,09:26:20.000,324.32,75.0,323.4,325.25,150.0
2025-10-01,09:26:21.000,323.8,150.0,323.25,324.35,225.0
2025-10-01,09:26:22.000,323.8,150.0,323.25,324.35,225.0
2025-10-01,09:26:23.000,323.58,150.0,323.15,324.0,150.0
2025-10-01,09:26:24.000,323.58,150.0,323.15,324.0,150.0
2025-10-01,09:26:25.000,323.65,150.0,323.2,324.1,225.0
2025-10-01,09:26:26.000,323.02,75.0,322.55,323.5,525.0
2025-10-01,09:26:27.000,323.02,75.0,322.55,323.5,525.0
2025-10-01,09:26:28.000,322.6,75.0,322.2,323.0,150.0
2025-10-01,09:26:29.000,322.6,75.0,322.2,323.0,150.0
2025-10-01,09:26:30.000,323.58,150.0,323.15,324.0,225.0
2025-10-01,09:26:31.000,323.5,150.0,323.05,323.95,150.0
2025-10-01,09:26:32.000,323.5,150.0,323.05,323.95,150.0
2025-10-01,09:26:33.000,322.83,150.0,322.35,323.3,300.0
2025-10-01,09:26:34.000,322.83,150.0,322.35,323.3,300.0
2025-10-01,09:26:35.000,323.55,150.0,323.1,324.0,225.0
2025-10-01,09:26:36.000,323.48,150.0,323.0,323.95,450.0
2025-10-01,09:26:37.000,323.48,150.0,323.0,323.95,450.0
2025-10-01,09:26:38.000,322.98,150.0,322.5,323.45,600.0
2025-10-01,09:26:39.000,322.98,150.0,322.5,323.45,600.0
2025-10-01,09:26:40.000,323.2,225.0,322.75,323.65,300.0
2025-10-01,09:26:41.000,322.45,150.0,322.0,322.9,225.0
2025-10-01,09:26:42.000,322.45,150.0,322.0,322.9,225.0
2025-10-01,09:26:43.000,321.17,150.0,320.7,321.65,150.0
2025-10-01,09:26:44.000,321.17,150.0,320.7,321.65,150.0
2025-10-01,09:26:45.000,321.77,150.0,321.35,322.2,225.0
2025-10-01,09:26:46.000,321.98,225.0,321.5,322.45,375.0
2025-10-01,09:26:47.000,321.98,225.0,321.5,322.45,375.0
2025-10-01,09:26:48.000,322.05,75.0,321.65,322.45,150.0
2025-10-01,09:26:49.000,321.48,450.0,320.7,322.25,675.0
2025-10-01,09:26:50.000,321.48,450.0,320.7,322.25,675.0
2025-10-01,09:26:51.000,320.5,750.0,319.7,321.3,525.0
2025-10-01,09:26:52.000,320.5,750.0,319.7,321.3,525.0
2025-10-01,09:26:53.000,321.3,225.0,320.8,321.8,150.0
2025-10-01,09:26:54.000,321.05,75.0,320.65,321.45,150.0
2025-10-01,09:26:55.000,321.05,75.0,320.65,321.45,150.0
2025-10-01,09:26:56.000,320.92,75.0,320.55,321.3,300.0
2025-10-01,09:26:57.000,320.92,75.0,320.55,321.3,300.0
2025-10-01,09:26:58.000,321.27,75.0,320.85,321.7,375.0
2025-10-01,09:26:59.000,321.0,525.0,320.4,321.6,225.0
2025-10-01,09:27:00.000,321.0,525.0,320.4,321.6,225.0
2025-10-01,09:27:01.000,320.73,525.0,320.15,321.3,225.0
2025-10-01,09:27:02.000,320.73,525.0,320.15,321.3,225.0
2025-10-01,09:27:03.000,320.98,75.0,320.5,321.45,375.0
2025-10-01,09:27:04.000,321.18,75.0,320.75,321.6,225.0
2025-10-01,09:27:05.000,321.18,75.0,320.75,321.6,225.0
2025-10-01,09:27:06.000,321.77,75.0,321.2,322.35,375.0
2025-10-01,09:27:07.000,321.77,75.0,321.2,322.35,375.0
2025-10-01,09:27:08.000,321.02,150.0,320.45,321.6,225.0
2025-10-01,09:27:09.000,321.18,75.0,320.75,321.6,300.0
2025-10-01,09:27:10.000,321.18,75.0,320.75,321.6,300.0
2025-10-01,09:27:11.000,320.5,75.0,320.05,320.95,225.0
2025-10-01,09:27:12.000,320.5,75.0,320.05,320.95,225.0
2025-10-01,09:27:13.000,320.58,75.0,320.2,320.95,225.0
2025-10-01,09:27:14.000,321.4,75.0,320.85,321.95,150.0
2025-10-01,09:27:15.000,321.4,75.0,320.85,321.95,150.0
2025-10-01,09:27:16.000,320.8,75.0,320.3,321.3,600.0
2025-10-01,09:27:17.000,320.8,75.0,320.3,321.3,600.0
2025-10-01,09:27:18.000,320.85,75.0,320.25,321.45,300.0
2025-10-01,09:27:19.000,321.5,225.0,321.05,321.95,150.0
2025-10-01,09:27:20.000,321.5,225.0,321.05,321.95,150.0
2025-10-01,09:27:21.000,321.52,75.0,321.05,322.0,600.0
2025-10-01,09:27:22.000,321.52,75.0,321.05,322.0,600.0
2025-10-01,09:27:23.000,321.65,75.0,321.2,322.1,225.0
2025-10-01,09:27:24.000,322.0,75.0,321.55,322.45,300.0
2025-10-01,09:27:25.000,322.0,75.0,321.55,322.45,300.0
2025-10-01,09:27:26.000,322.48,300.0,322.0,322.95,225.0
2025-10-01,09:27:27.000,322.48,300.0,322.0,322.95,225.0
2025-10-01,09:27:28.000,321.45,150.0,320.95,321.95,300.0
2025-10-01,09:27:29.000,320.73,150.0,320.2,321.25,225.0
2025-10-01,09:27:30.000,320.73,150.0,320.2,321.25,225.0
2025-10-01,09:27:31.000,318.62,300.0,317.65,319.6,375.0
2025-10-01,09:27:32.000,318.62,300.0,317.65,319.6,375.0
2025-10-01,09:27:33.000,319.5,150.0,319.05,319.95,150.0
2025-10-01,09:27:34.000,319.92,150.0,319.4,320.45,375.0
2025-10-01,09:27:35.000,319.92,150.0,319.4,320.45,375.0
2025-10-01,09:27:36.000,319.45,375.0,318.95,319.95,150.0
2025-10-01,09:27:37.000,319.45,375.0,318.95,319.95,150.0
2025-10-01,09:27:38.000,320.38,150.0,319.9,320.85,225.0
2025-10-01,09:27:39.000,320.27,450.0,319.75,320.8,300.0
2025-10-01,09:27:40.000,320.27,450.0,319.75,320.8,300.0
2025-10-01,09:27:41.000,321.05,150.0,320.5,321.6,300.0
2025-10-01,09:27:42.000,321.05,150.0,320.5,321.6,300.0
2025-10-01,09:27:43.000,321.02,75.0,320.5,321.55,225.0
2025-10-01,09:27:44.000,321.02,75.0,320.5,321.55,225.0
2025-10-01,09:27:45.000,320.52,150.0,320.05,321.0,150.0
2025-10-01,09:27:46.000,320.48,225.0,320.0,320.95,150.0
2025-10-01,09:27:47.000,320.48,225.0,320.0,320.95,150.0
2025-10-01,09:27:48.000,320.15,75.0,319.65,320.65,225.0
2025-10-01,09:27:49.000,320.15,75.0,319.65,320.65,225.0
2025-10-01,09:27:50.000,320.02,150.0,319.5,320.55,375.0
2025-10-01,09:27:51.000,319.9,150.0,319.35,320.45,300.0
2025-10-01,09:27:52.000,319.9,150.0,319.35,320.45,300.0
2025-10-01,09:27:53.000,320.1,75.0,319.65,320.55,300.0
2025-10-01,09:27:54.000,320.1,75.0,319.65,320.55,300.0
2025-10-01,09:27:55.000,320.35,150.0,319.85,320.85,375.0
2025-10-01,09:27:56.000,320.48,150.0,320.0,320.95,150.0
2025-10-01,09:27:57.000,320.48,150.0,320.0,320.95,150.0
2025-10-01,09:27:58.000,320.83,225.0,320.35,321.3,150.0
2025-10-01,09:27:59.000,320.83,225.0,320.35,321.3,150.0
2025-10-01,09:28:00.000,320.92,150.0,320.4,321.45,450.0
2025-10-01,09:28:01.000,319.98,150.0,319.45,320.5,375.0
2025-10-01,09:28:02.000,319.98,150.0,319.45,320.5,375.0
2025-10-01,09:28:03.000,318.9,150.0,318.35,319.45,150.0
2025-10-01,09:28:04.000,318.9,150.0,318.35,319.45,150.0
2025-10-01,09:28:05.000,319.98,150.0,319.4,320.55,225.0
2025-10-01,09:28:06.000,319.08,150.0,318.55,319.6,300.0
2025-10-01,09:28:07.000,319.08,150.0,318.55,319.6,300.0
2025-10-01,09:28:08.000,318.52,150.0,318.1,318.95,150.0
2025-10-01,09:28:09.000,318.52,150.0,318.1,318.95,150.0
2025-10-01,09:28:10.000,318.32,75.0,317.5,319.15,225.0
2025-10-01,09:28:11.000,318.27,150.0,317.8,318.75,150.0
2025-10-01,09:28:12.000,318.27,150.0,317.8,318.75,150.0
2025-10-01,09:28:13.000,318.32,150.0,317.9,318.75,150.0
2025-10-01,09:28:14.000,318.32,150.0,317.9,318.75,150.0
2025-10-01,09:28:15.000,318.98,150.0,318.5,319.45,225.0
2025-10-01,09:28:16.000,318.98,75.0,318.5,319.45,225.0
2025-10-01,09:28:17.000,318.98,75.0,318.5,319.45,225.0
2025-10-01,09:28:18.000,318.75,75.0,318.25,319.25,375.0
2025-10-01,09:28:19.000,318.75,75.0,318.25,319.25,375.0
2025-10-01,09:28:20.000,319.83,150.0,319.3,320.35,300.0
2025-10-01,09:28:21.000,320.0,75.0,319.5,320.5,300.0
2025-10-01,09:28:22.000,320.0,75.0,319.5,320.5,300.0
2025-10-01,09:28:23.000,318.88,150.0,318.35,319.4,225.0
2025-10-01,09:28:24.000,318.88,150.0,318.35,319.4,225.0
2025-10-01,09:28:25.000,318.08,150.0,317.55,318.6,150.0
2025-10-01,09:28:26.000,318.27,150.0,317.8,318.75,375.0
2025-10-01,09:28:27.000,318.27,150.0,317.8,318.75,375.0
2025-10-01,09:28:28.000,317.85,150.0,317.35,318.35,150.0
2025-10-01,09:28:29.000,317.85,150.0,317.35,318.35,150.0
2025-10-01,09:28:30.000,317.92,150.0,317.4,318.45,450.0
2025-10-01,09:28:31.000,316.98,150.0,316.5,317.45,525.0
2025-10-01,09:28:32.000,316.98,150.0,316.5,317.45,525.0
2025-10-01,09:28:33.000,317.65,150.0,317.2,318.1,150.0
2025-10-01,09:28:34.000,317.65,150.0,317.2,318.1,150.0
2025-10-01,09:28:35.000,317.3,150.0,316.85,317.75,150.0
2025-10-01,09:28:36.000,316.92,150.0,316.4,317.45,375.0
2025-10-01,09:28:37.000,316.92,150.0,316.4,317.45,375.0
2025-10-01,09:28:38.000,316.75,150.0,316.25,317.25,75.0
2025-10-01,09:28:39.000,316.75,150.0,316.25,317.25,75.0
2025-10-01,09:28:40.000,317.48,225.0,317.0,317.95,150.0
2025-10-01,09:28:41.000,317.2,225.0,316.65,317.75,300.0
2025-10-01,09:28:42.000,317.2,225.0,316.65,317.75,300.0
2025-10-01,09:28:43.000,317.42,225.0,316.9,317.95,225.0
2025-10-01,09:28:44.000,317.17,75.0,316.65,317.7,300.0
2025-10-01,09:28:45.000,317.17,75.0,316.65,317.7,300.0
2025-10-01,09:28:46.000,317.15,150.0,316.7,317.6,150.0
2025-10-01,09:28:47.000,317.15,150.0,316.7,317.6,150.0
2025-10-01,09:28:48.000,316.8,150.0,316.3,317.3,150.0
2025-10-01,09:28:49.000,317.45,150.0,317.0,317.9,225.0
2025-10-01,09:28:50.000,317.45,150.0,317.0,317.9,225.0
2025-10-01,09:28:51.000,317.68,525.0,317.0,318.35,150.0
2025-10-01,09:28:52.000,317.68,525.0,317.0,318.35,150.0
2025-10-01,09:28:53.000,317.95,150.0,317.45,318.45,225.0
2025-10-01,09:28:54.000,317.05,150.0,316.6,317.5,225.0
2025-10-01,09:28:55.000,317.05,150.0,316.6,317.5,225.0
2025-10-01,09:28:56.000,317.45,150.0,317.05,317.85,150.0
2025-10-01,09:28:57.000,317.45,150.0,317.05,317.85,150.0
2025-10-01,09:28:58.000,317.38,150.0,316.9,317.85,450.0
2025-10-01,09:28:59.000,318.1,150.0,317.65,318.55,225.0
2025-10-01,09:29:00.000,318.1,150.0,317.65,318.55,225.0
2025-10-01,09:29:01.000,317.65,150.0,317.3,318.0,150.0
2025-10-01,09:29:02.000,317.65,150.0,317.3,318.0,150.0
2025-10-01,09:29:03.000,318.3,150.0,317.85,318.75,150.0
2025-10-01,09:29:04.000,317.73,225.0,317.2,318.25,600.0
2025-10-01,09:29:05.000,317.73,225.0,317.2,318.25,600.0
2025-10-01,09:29:06.000,317.67,75.0,317.2,318.15,375.0
2025-10-01,09:29:07.000,317.67,75.0,317.2,318.15,375.0
2025-10-01,09:29:08.000,318.0,225.0,317.5,318.5,150.0
2025-10-01,09:29:09.000,317.92,150.0,317.45,318.4,150.0
2025-10-01,09:29:10.000,317.92,150.0,317.45,318.4,150.0
2025-10-01,09:29:11.000,316.9,300.0,315.85,317.95,75.0
2025-10-01,09:29:12.000,316.9,300.0,315.85,317.95,75.0
2025-10-01,09:29:13.000,317.42,225.0,316.9,317.95,300.0
2025-10-01,09:29:14.000,317.42,75.0,317.05,317.8,225.0
2025-10-01,09:29:15.000,317.42,75.0,317.05,317.8,225.0
2025-10-01,09:29:16.000,317.62,75.0,317.25,318.0,150.0
2025-10-01,09:29:17.000,317.62,75.0,317.25,318.0,150.0
2025-10-01,09:29:18.000,318.4,75.0,317.85,318.95,150.0
2025-10-01,09:29:19.000,317.98,75.0,317.6,318.35,225.0
2025-10-01,09:29:20.000,317.98,75.0,317.6,318.35,225.0
2025-10-01,09:29:21.000,317.82,375.0,317.4,318.25,75.0
2025-10-01,09:29:22.000,317.82,375.0,317.4,318.25,75.0
2025-10-01,09:29:23.000,315.27,75.0,314.65,315.9,225.0
2025-10-01,09:29:24.000,316.15,75.0,315.75,316.55,225.0
2025-10-01,09:29:25.000,316.15,75.0,315.75,316.55,225.0
2025-10-01,09:29:26.000,315.2,75.0,314.95,315.45,150.0
2025-10-01,09:29:27.000,315.2,75.0,314.95,315.45,150.0
2025-10-01,09:29:28.000,316.08,150.0,315.55,316.6,150.0
2025-10-01,09:29:29.000,315.83,225.0,315.3,316.35,450.0
2025-10-01,09:29:30.000,315.83,225.0,315.3,316.35,450.0
2025-10-01,09:29:31.000,315.55,75.0,315.1,316.0,150.0
2025-10-01,09:29:32.000,315.55,75.0,315.1,316.0,150.0
2025-10-01,09:29:33.000,315.62,150.0,315.05,316.2,225.0
2025-10-01,09:29:34.000,315.67,150.0,315.15,316.2,225.0
2025-10-01,09:29:35.000,315.67,150.0,315.15,316.2,225.0
2025-10-01,09:29:36.000,315.3,225.0,314.85,315.75,225.0
2025-10-01,09:29:37.000,315.3,225.0,314.85,315.75,225.0
2025-10-01,09:29:38.000,315.33,300.0,314.8,315.85,300.0
2025-10-01,09:29:39.000,314.4,150.0,313.85,314.95,525.0
2025-10-01,09:29:40.000,314.4,150.0,313.85,314.95,525.0
2025-10-01,09:29:41.000,314.08,150.0,313.55,314.6,225.0
2025-10-01,09:29:42.000,314.08,150.0,313.55,314.6,225.0
2025-10-01,09:29:43.000,314.8,150.0,314.3,315.3,225.0
2025-10-01,09:29:44.000,314.5,75.0,314.1,314.9,150.0
2025-10-01,09:29:45.000,314.5,75.0,314.1,314.9,150.0
2025-10-01,09:29:46.000,314.55,75.0,314.1,315.0,150.0
2025-10-01,09:29:47.000,314.55,75.0,314.1,315.0,150.0
2025-10-01,09:29:48.000,314.48,75.0,313.95,315.0,150.0
2025-10-01,09:29:49.000,315.83,300.0,314.85,316.8,75.0
2025-10-01,09:29:50.000,315.83,300.0,314.85,316.8,75.0
2025-10-01,09:29:51.000,315.45,75.0,314.95,315.95,150.0
2025-10-01,09:29:52.000,315.45,75.0,314.95,315.95,150.0
2025-10-01,09:29:53.000,315.05,300.0,314.45,315.65,150.0
2025-10-01,09:29:54.000,313.98,300.0,313.35,314.6,600.0
2025-10-01,09:29:55.000,313.98,300.0,313.35,314.6,600.0
2025-10-01,09:29:56.000,314.1,300.0,313.6,314.6,150.0
2025-10-01,09:29:57.000,314.1,300.0,313.6,314.6,150.0
2025-10-01,09:29:58.000,313.48,300.0,313.0,313.95,150.0
2025-10-01,09:29:59.000,313.68,300.0,313.35,314.0,150.0
2025-10-01,09:30:00.000,313.68,300.0,313.35,314.0,150.0
2025-10-01,09:30:01.000,314.4,75.0,313.95,314.85,150.0
2025-10-01,09:30:02.000,314.4,75.0,313.95,314.85,150.0
2025-10-01,09:30:03.000,313.52,375.0,313.05,314.0,150.0
2025-10-01,09:30:04.000,313.5,375.0,313.0,314.0,300.0
2025-10-01,09:30:05.000,313.5,375.0,313.0,314.0,300.0
2025-10-01,09:30:06.000,313.27,300.0,312.75,313.8,450.0
2025-10-01,09:30:07.000,312.98,75.0,312.5,313.45,450.0
2025-10-01,09:30:08.000,312.98,75.0,312.5,313.45,450.0
2025-10-01,09:30:09.000,312.55,450.0,312.1,313.0,150.0
2025-10-01,09:30:10.000,312.55,450.0,312.1,313.0,150.0
2025-10-01,09:30:11.000,312.08,375.0,311.55,312.6,150.0
2025-10-01,09:30:12.000,312.92,525.0,312.2,313.65,150.0
2025-10-01,09:30:13.000,312.92,525.0,312.2,313.65,150.0
2025-10-01,09:30:14.000,312.8,75.0,312.25,313.35,225.0
2025-10-01,09:30:15.000,312.8,75.0,312.25,313.35,225.0
2025-10-01,09:30:16.000,311.48,75.0,310.95,312.0,225.0
2025-10-01,09:30:17.000,311.3,225.0,310.75,311.85,225.0
2025-10-01,09:30:18.000,311.3,225.0,310.75,311.85,225.0
2025-10-01,09:30:19.000,311.1,300.0,310.55,311.65,150.0
2025-10-01,09:30:20.000,311.1,300.0,310.55,311.65,150.0
2025-10-01,09:30:21.000,310.5,375.0,309.85,311.15,375.0
2025-10-01,09:30:22.000,311.02,450.0,310.4,311.65,225.0
2025-10-01,09:30:23.000,311.02,450.0,310.4,311.65,225.0
2025-10-01,09:30:24.000,311.67,75.0,311.15,312.2,225.0
2025-10-01,09:30:25.000,311.67,75.0,311.15,312.2,225.0
2025-10-01,09:30:26.000,310.95,75.0,310.4,311.5,150.0
2025-10-01,09:30:27.000,312.38,300.0,311.9,312.85,150.0
2025-10-01,09:30:28.000,312.38,300.0,311.9,312.85,150.0
2025-10-01,09:30:29.000,311.98,300.0,311.45,312.5,150.0
2025-10-01,09:30:30.000,311.98,300.0,311.45,312.5,150.0
2025-10-01,09:30:31.000,311.08,300.0,310.5,311.65,300.0
2025-10-01,09:30:32.000,310.83,75.0,310.3,311.35,300.0
2025-10-01,09:30:33.000,310.83,75.0,310.3,311.35,300.0
2025-10-01,09:30:34.000,310.65,300.0,310.1,311.2,150.0
2025-10-01,09:30:35.000,310.65,300.0,310.1,311.2,150.0
2025-10-01,09:30:36.000,310.18,300.0,309.6,310.75,300.0
2025-10-01,09:30:37.000,310.08,75.0,309.6,310.55,300.0
2025-10-01,09:30:38.000,310.08,75.0,309.6,310.55,300.0
2025-10-01,09:30:39.000,310.02,75.0,309.6,310.45,150.0
2025-10-01,09:30:40.000,310.02,75.0,309.6,310.45,150.0
2025-10-01,09:30:41.000,309.02,75.0,308.55,309.5,150.0
2025-10-01,09:30:42.000,307.83,300.0,307.35,308.3,75.0
2025-10-01,09:30:43.000,307.83,300.0,307.35,308.3,75.0
2025-10-01,09:30:44.000,308.35,75.0,307.7,309.0,150.0
2025-10-01,09:30:45.000,308.35,75.0,307.7,309.0,150.0
2025-10-01,09:30:46.000,308.12,300.0,307.55,308.7,150.0
2025-10-01,09:30:47.000,307.15,300.0,306.65,307.65,150.0
2025-10-01,09:30:48.000,307.15,300.0,306.65,307.65,150.0
2025-10-01,09:30:49.000,306.5,300.0,306.0,307.0,150.0
2025-10-01,09:30:50.000,306.5,300.0,306.0,307.0,150.0
2025-10-01,09:30:51.000,307.4,300.0,306.9,307.9,525.0
2025-10-01,09:30:52.000,307.52,150.0,307.0,308.05,450.0
2025-10-01,09:30:53.000,307.52,150.0,307.0,308.05,450.0
2025-10-01,09:30:54.000,307.38,300.0,306.8,307.95,150.0
2025-10-01,09:30:55.000,307.38,300.0,306.8,307.95,150.0
2025-10-01,09:30:56.000,306.77,450.0,306.25,307.3,150.0
2025-10-01,09:30:57.000,307.48,300.0,307.0,307.95,150.0
2025-10-01,09:30:58.000,307.48,300.0,307.0,307.95,150.0
2025-10-01,09:30:59.000,306.92,300.0,306.45,307.4,150.0
2025-10-01,09:31:00.000,306.92,300.0,306.45,307.4,150.0
2025-10-01,09:31:01.000,307.35,300.0,306.85,307.85,150.0
2025-10-01,09:31:02.000,307.02,225.0,306.55,307.5,150.0
2025-10-01,09:31:03.000,307.02,225.0,306.55,307.5,150.0
2025-10-01,09:31:04.000,306.52,675.0,306.0,307.05,150.0
2025-10-01,09:31:05.000,306.52,675.0,306.0,307.05,150.0
2025-10-01,09:31:06.000,306.25,375.0,305.75,306.75,150.0
2025-10-01,09:31:07.000,306.85,300.0,306.35,307.35,150.0
2025-10-01,09:31:08.000,306.85,300.0,306.35,307.35,150.0
2025-10-01,09:31:09.000,307.3,525.0,306.75,307.85,300.0
2025-10-01,09:31:10.000,307.3,525.0,306.75,307.85,300.0
2025-10-01,09:31:11.000,307.4,300.0,306.85,307.95,450.0
2025-10-01,09:31:12.000,307.27,75.0,306.75,307.8,525.0
2025-10-01,09:31:13.000,307.27,75.0,306.75,307.8,525.0
2025-10-01,09:31:14.000,306.32,225.0,305.7,306.95,300.0
2025-10-01,09:31:15.000,306.32,225.0,305.7,306.95,300.0
2025-10-01,09:31:16.000,306.05,300.0,305.45,306.65,375.0
2025-10-01,09:31:17.000,306.88,300.0,306.35,307.4,375.0
2025-10-01,09:31:18.000,306.88,300.0,306.35,307.4,375.0
2025-10-01,09:31:19.000,306.48,75.0,306.0,306.95,150.0
2025-10-01,09:31:20.000,306.48,75.0,306.0,306.95,150.0
2025-10-01,09:31:21.000,305.92,75.0,305.35,306.5,150.0
2025-10-01,09:31:22.000,305.95,450.0,305.4,306.5,225.0
2025-10-01,09:31:23.000,305.95,450.0,305.4,306.5,225.0
2025-10-01,09:31:24.000,305.9,75.0,305.4,306.4,150.0
2025-10-01,09:31:25.000,305.9,75.0,305.4,306.4,150.0
2025-10-01,09:31:26.000,305.68,75.0,305.35,306.0,75.0
2025-10-01,09:31:27.000,306.48,300.0,306.0,306.95,150.0
2025-10-01,09:31:28.000,306.48,300.0,306.0,306.95,150.0
2025-10-01,09:31:29.000,306.95,75.0,306.45,307.45,300.0
2025-10-01,09:31:30.000,306.95,75.0,306.45,307.45,300.0
2025-10-01,09:31:31.000,306.9,450.0,306.4,307.4,300.0
2025-10-01,09:31:32.000,306.9,75.0,306.45,307.35,150.0
2025-10-01,09:31:33.000,306.9,75.0,306.45,307.35,150.0
2025-10-01,09:31:34.000,306.08,525.0,305.6,306.55,300.0
2025-10-01,09:31:35.000,306.08,525.0,305.6,306.55,300.0
2025-10-01,09:31:36.000,306.52,75.0,306.05,307.0,150.0
2025-10-01,09:31:37.000,305.92,375.0,305.25,306.6,75.0
2025-10-01,09:31:38.000,305.92,375.0,305.25,306.6,75.0
2025-10-01,09:31:39.000,305.95,225.0,305.45,306.45,150.0
2025-10-01,09:31:40.000,305.95,225.0,305.45,306.45,150.0
2025-10-01,09:31:41.000,305.45,300.0,304.95,305.95,150.0
2025-10-01,09:31:42.000,304.85,525.0,304.25,305.45,150.0
2025-10-01,09:31:43.000,304.85,525.0,304.25,305.45,150.0
2025-10-01,09:31:44.000,305.05,300.0,304.5,305.6,150.0
2025-10-01,09:31:45.000,305.05,300.0,304.5,305.6,150.0
2025-10-01,09:31:46.000,305.25,225.0,304.8,305.7,150.0
2025-10-01,09:31:47.000,306.32,150.0,305.7,306.95,300.0
2025-10-01,09:31:48.000,306.32,150.0,305.7,306.95,300.0
2025-10-01,09:31:49.000,306.17,225.0,305.7,306.65,300.0
2025-10-01,09:31:50.000,305.9,150.0,305.35,306.45,150.0
2025-10-01,09:31:51.000,305.9,150.0,305.35,306.45,150.0
2025-10-01,09:31:52.000,305.58,225.0,305.15,306.0,150.0
2025-10-01,09:31:53.000,305.58,225.0,305.15,306.0,150.0
2025-10-01,09:31:54.000,305.85,300.0,305.4,306.3,150.0
2025-10-01,09:31:55.000,305.85,300.0,305.4,306.3,150.0
2025-10-01,09:31:56.000,306.88,150.0,306.35,307.4,300.0
2025-10-01,09:31:57.000,307.58,150.0,307.15,308.0,150.0
2025-10-01,09:31:58.000,307.58,150.0,307.15,308.0,150.0
2025-10-01,09:31:59.000,308.4,300.0,307.85,308.95,300.0
2025-10-01,09:32:00.000,308.4,300.0,307.85,308.95,300.0
2025-10-01,09:32:01.000,308.35,450.0,307.8,308.9,300.0
2025-10-01,09:32:02.000,308.45,225.0,308.05,308.85,300.0
2025-10-01,09:32:03.000,308.45,225.0,308.05,308.85,300.0
2025-10-01,09:32:04.000,307.73,300.0,307.25,308.2,300.0
2025-10-01,09:32:05.000,307.73,300.0,307.25,308.2,300.0
2025-10-01,09:32:06.000,307.55,375.0,307.1,308.0,450.0
2025-10-01,09:32:07.000,307.62,300.0,307.15,308.1,300.0
2025-10-01,09:32:08.000,307.62,300.0,307.15,308.1,300.0
2025-10-01,09:32:09.000,308.1,300.0,307.65,308.55,150.0
2025-10-01,09:32:10.000,308.42,300.0,307.9,308.95,150.0
2025-10-01,09:32:11.000,308.42,300.0,307.9,308.95,150.0
2025-10-01,09:32:12.000,308.42,450.0,307.9,308.95,300.0
2025-10-01,09:32:13.000,308.42,450.0,307.9,308.95,300.0
2025-10-01,09:32:14.000,308.35,75.0,307.85,308.85,225.0
2025-10-01,09:32:15.000,308.6,300.0,308.2,309.0,150.0
2025-10-01,09:32:16.000,308.6,300.0,308.2,309.0,150.0
2025-10-01,09:32:17.000,309.3,225.0,308.8,309.8,300.0
2025-10-01,09:32:18.000,309.3,225.0,308.8,309.8,300.0
2025-10-01,09:32:19.000,308.7,525.0,308.2,309.2,225.0
2025-10-01,09:32:20.000,308.85,300.0,308.35,309.35,300.0
2025-10-01,09:32:21.000,308.85,300.0,308.35,309.35,300.0
2025-10-01,09:32:22.000,308.77,300.0,308.25,309.3,150.0
2025-10-01,09:32:23.000,308.77,300.0,308.25,309.3,150.0
2025-10-01,09:32:24.000,309.12,225.0,308.65,309.6,300.0
2025-10-01,09:32:25.000,309.42,600.0,308.95,309.9,150.0
2025-10-01,09:32:26.000,309.42,600.0,308.95,309.9,150.0
2025-10-01,09:32:27.000,309.65,300.0,309.3,310.0,150.0
2025-10-01,09:32:28.000,309.65,300.0,309.3,310.0,150.0
2025-10-01,09:32:29.000,309.8,75.0,309.35,310.25,300.0
2025-10-01,09:32:30.000,309.75,225.0,309.35,310.15,300.0
2025-10-01,09:32:31.000,309.75,225.0,309.35,310.15,300.0
2025-10-01,09:32:32.000,309.6,75.0,309.2,310.0,450.0
2025-10-01,09:32:33.000,309.6,75.0,309.2,310.0,450.0
2025-10-01,09:32:34.000,309.3,225.0,308.9,309.7,300.0
2025-10-01,09:32:35.000,309.35,75.0,308.9,309.8,300.0
2025-10-01,09:32:36.000,309.35,75.0,308.9,309.8,300.0
2025-10-01,09:32:37.000,309.98,225.0,309.5,310.45,300.0
2025-10-01,09:32:38.000,309.98,225.0,309.5,310.45,300.0
2025-10-01,09:32:39.000,310.2,225.0,309.75,310.65,300.0
2025-10-01,09:32:40.000,310.3,150.0,309.95,310.65,150.0
2025-10-01,09:32:41.000,310.3,150.0,309.95,310.65,150.0
2025-10-01,09:32:42.000,310.1,525.0,309.6,310.6,300.0
2025-10-01,09:32:43.000,310.1,525.0,309.6,310.6,300.0
2025-10-01,09:32:44.000,310.3,75.0,309.9,310.7,300.0
2025-10-01,09:32:45.000,310.4,75.0,310.0,310.8,300.0
2025-10-01,09:32:46.000,310.4,75.0,310.0,310.8,300.0
2025-10-01,09:32:47.000,310.2,75.0,309.85,310.55,300.0
2025-10-01,09:32:48.000,310.2,75.0,309.85,310.55,300.0
2025-10-01,09:32:49.000,310.88,75.0,310.4,311.35,300.0
2025-10-01,09:32:50.000,310.4,225.0,309.95,310.85,300.0
2025-10-01,09:32:51.000,310.4,225.0,309.95,310.85,300.0
2025-10-01,09:32:52.000,311.4,150.0,310.9,311.9,300.0
2025-10-01,09:32:53.000,311.4,150.0,310.9,311.9,300.0
2025-10-01,09:32:54.000,311.45,75.0,310.95,311.95,300.0
2025-10-01,09:32:55.000,311.6,75.0,311.35,311.85,300.0
2025-10-01,09:32:56.000,311.6,75.0,311.35,311.85,300.0
2025-10-01,09:32:57.000,311.3,150.0,310.85,311.75,300.0
2025-10-01,09:32:58.000,311.3,150.0,310.85,311.75,300.0
2025-10-01,09:32:59.000,310.38,225.0,309.95,310.8,300.0
2025-10-01,09:33:00.000,309.82,75.0,309.45,310.2,300.0
2025-10-01,09:33:01.000,309.82,75.0,309.45,310.2,300.0
2025-10-01,09:33:02.000,309.8,225.0,309.35,310.25,525.0
2025-10-01,09:33:03.000,309.62,150.0,309.2,310.05,300.0
2025-10-01,09:33:04.000,309.62,150.0,309.2,310.05,300.0
2025-10-01,09:33:05.000,309.45,75.0,309.05,309.85,300.0
2025-10-01,09:33:06.000,309.45,75.0,309.05,309.85,300.0
2025-10-01,09:33:07.000,309.42,150.0,308.95,309.9,225.0
2025-10-01,09:33:08.000,309.5,75.0,309.1,309.9,300.0
2025-10-01,09:33:09.000,309.5,75.0,309.1,309.9,300.0
2025-10-01,09:33:10.000,308.12,75.0,307.55,308.7,225.0
2025-10-01,09:33:11.000,308.12,75.0,307.55,308.7,225.0
2025-10-01,09:33:12.000,308.83,150.0,308.35,309.3,450.0
2025-10-01,09:33:13.000,309.4,75.0,308.9,309.9,375.0
2025-10-01,09:33:14.000,309.4,75.0,308.9,309.9,375.0
2025-10-01,09:33:15.000,308.12,75.0,307.7,308.55,300.0
2025-10-01,09:33:16.000,308.12,75.0,307.7,308.55,300.0
2025-10-01,09:33:17.000,308.9,75.0,308.5,309.3,300.0
2025-10-01,09:33:18.000,308.65,75.0,308.3,309.0,150.0
2025-10-01,09:33:19.000,308.65,75.0,308.3,309.0,150.0
2025-10-01,09:33:20.000,308.5,75.0,308.0,309.0,450.0
2025-10-01,09:33:21.000,308.5,75.0,308.0,309.0,450.0
2025-10-01,09:33:22.000,308.08,75.0,307.55,308.6,150.0
2025-10-01,09:33:23.000,307.85,375.0,307.3,308.4,300.0
2025-10-01,09:33:24.000,307.85,375.0,307.3,308.4,300.0
2025-10-01,09:33:25.000,307.88,75.0,307.35,308.4,300.0
2025-10-01,09:33:26.000,307.88,75.0,307.35,308.4,300.0
2025-10-01,09:33:27.000,307.0,150.0,306.45,307.55,150.0
2025-10-01,09:33:28.000,306.65,150.0,306.2,307.1,150.0
2025-10-01,09:33:29.000,306.65,150.0,306.2,307.1,150.0
2025-10-01,09:33:30.000,306.48,150.0,306.0,306.95,300.0
2025-10-01,09:33:31.000,306.48,150.0,306.0,306.95,300.0
2025-10-01,09:33:32.000,306.4,75.0,305.85,306.95,150.0
2025-10-01,09:33:33.000,307.27,150.0,306.8,307.75,300.0
2025-10-01,09:33:34.000,307.27,150.0,306.8,307.75,300.0
2025-10-01,09:33:35.000,307.52,150.0,307.05,308.0,150.0
2025-10-01,09:33:36.000,307.52,150.0,307.05,308.0,150.0
2025-10-01,09:33:37.000,306.92,150.0,306.45,307.4,375.0
2025-10-01,09:33:38.000,307.05,300.0,306.6,307.5,300.0
2025-10-01,09:33:39.000,307.05,300.0,306.6,307.5,300.0
2025-10-01,09:33:40.000,308.15,300.0,307.7,308.6,300.0
2025-10-01,09:33:41.000,308.15,300.0,307.7,308.6,300.0
2025-10-01,09:33:42.000,308.15,300.0,307.7,308.6,300.0
2025-10-01,09:33:43.000,307.3,300.0,306.75,307.85,150.0
2025-10-01,09:33:44.000,307.3,300.0,306.75,307.85,150.0
2025-10-01,09:33:45.000,306.95,300.0,306.45,307.45,525.0
2025-10-01,09:33:46.000,306.95,300.0,306.45,307.45,525.0
2025-10-01,09:33:47.000,307.45,150.0,306.95,307.95,300.0
2025-10-01,09:33:48.000,307.48,75.0,307.0,307.95,75.0
2025-10-01,09:33:49.000,307.48,75.0,307.0,307.95,75.0
2025-10-01,09:33:50.000,307.42,75.0,306.95,307.9,450.0
2025-10-01,09:33:51.000,307.42,75.0,306.95,307.9,450.0
2025-10-01,09:33:52.000,306.8,450.0,306.3,307.3,600.0
2025-10-01,09:33:53.000,306.92,75.0,306.45,307.4,150.0
2025-10-01,09:33:54.000,306.92,75.0,306.45,307.4,150.0
2025-10-01,09:33:55.000,306.92,375.0,306.4,307.45,300.0
2025-10-01,09:33:56.000,306.92,375.0,306.4,307.45,300.0
2025-10-01,09:33:57.000,307.12,300.0,306.6,307.65,225.0
2025-10-01,09:33:58.000,307.0,225.0,306.45,307.55,375.0
2025-10-01,09:33:59.000,307.0,225.0,306.45,307.55,375.0
2025-10-01,09:34:00.000,306.9,300.0,306.35,307.45,300.0
2025-10-01,09:34:01.000,306.9,300.0,306.35,307.45,300.0
2025-10-01,09:34:02.000,306.58,300.0,306.15,307.0,150.0
2025-10-01,09:34:03.000,306.65,300.0,306.3,307.0,150.0
2025-10-01,09:34:04.000,306.65,300.0,306.3,307.0,150.0
2025-10-01,09:34:05.000,306.83,300.0,306.3,307.35,375.0
2025-10-01,09:34:06.000,306.83,300.0,306.3,307.35,375.0
2025-10-01,09:34:07.000,306.62,300.0,306.25,307.0,150.0
2025-10-01,09:34:08.000,306.62,300.0,306.25,307.0,150.0
2025-10-01,09:34:09.000,307.02,300.0,306.55,307.5,375.0
2025-10-01,09:34:10.000,306.73,300.0,306.25,307.2,300.0
2025-10-01,09:34:11.000,306.73,300.0,306.25,307.2,300.0
2025-10-01,09:34:12.000,306.55,300.0,306.1,307.0,150.0
2025-10-01,09:34:13.000,306.62,525.0,306.25,307.0,150.0
2025-10-01,09:34:14.000,306.62,525.0,306.25,307.0,150.0
2025-10-01,09:34:15.000,306.58,300.0,306.15,307.0,150.0
2025-10-01,09:34:16.000,306.58,300.0,306.15,307.0,150.0
2025-10-01,09:34:17.000,306.52,300.0,306.1,306.95,225.0
2025-10-01,09:34:18.000,306.52,300.0,306.05,307.0,150.0
2025-10-01,09:34:19.000,306.52,300.0,306.05,307.0,150.0
2025-10-01,09:34:20.000,306.55,300.0,306.1,307.0,150.0
2025-10-01,09:34:21.000,306.55,300.0,306.1,307.0,150.0
2025-10-01,09:34:22.000,305.55,300.0,305.1,306.0,225.0
2025-10-01,09:34:23.000,304.95,150.0,304.45,305.45,225.0
2025-10-01,09:34:24.000,304.95,150.0,304.45,305.45,225.0
2025-10-01,09:34:25.000,305.52,150.0,305.1,305.95,225.0
2025-10-01,09:34:26.000,305.52,150.0,305.1,305.95,225.0
2025-10-01,09:34:27.000,305.92,150.0,305.55,306.3,150.0
2025-10-01,09:34:28.000,305.68,300.0,305.35,306.0,150.0
2025-10-01,09:34:29.000,305.68,300.0,305.35,306.0,150.0
2025-10-01,09:34:30.000,306.2,300.0,305.75,306.65,225.0
2025-10-01,09:34:31.000,306.2,300.0,305.75,306.65,225.0
2025-10-01,09:34:32.000,306.45,300.0,306.05,306.85,75.0
2025-10-01,09:34:33.000,306.58,300.0,306.15,307.0,225.0
2025-10-01,09:34:34.000,306.58,300.0,306.15,307.0,225.0
2025-10-01,09:34:35.000,305.83,300.0,305.35,306.3,225.0
2025-10-01,09:34:36.000,305.83,300.0,305.35,306.3,225.0
2025-10-01,09:34:37.000,305.7,375.0,305.25,306.15,300.0
2025-10-01,09:34:38.000,305.6,300.0,305.2,306.0,150.0
2025-10-01,09:34:39.000,305.6,300.0,305.2,306.0,150.0
2025-10-01,09:34:40.000,306.3,300.0,305.8,306.8,675.0
2025-10-01,09:34:41.000,306.3,300.0,305.8,306.8,675.0
2025-10-01,09:34:42.000,305.7,75.0,305.2,306.2,300.0
2025-10-01,09:34:43.000,306.02,300.0,305.55,306.5,375.0
2025-10-01,09:34:44.000,306.02,300.0,305.55,306.5,375.0
2025-10-01,09:34:45.000,306.55,300.0,306.2,306.9,150.0
2025-10-01,09:34:46.000,306.55,300.0,306.2,306.9,150.0
2025-10-01,09:34:47.000,306.58,300.0,306.25,306.9,75.0
2025-10-01,09:34:48.000,306.9,525.0,306.3,307.5,225.0
2025-10-01,09:34:49.000,306.9,525.0,306.3,307.5,225.0
2025-10-01,09:34:50.000,306.58,300.0,306.15,307.0,225.0
2025-10-01,09:34:51.000,306.58,300.0,306.15,307.0,225.0
2025-10-01,09:34:52.000,306.52,75.0,306.05,307.0,375.0
2025-10-01,09:34:53.000,306.9,300.0,306.45,307.35,300.0
2025-10-01,09:34:54.000,306.9,300.0,306.45,307.35,300.0
2025-10-01,09:34:55.000,307.0,300.0,306.5,307.5,525.0
2025-10-01,09:34:56.000,307.0,300.0,306.5,307.5,525.0
2025-10-01,09:34:57.000,306.6,300.0,306.2,307.0,150.0
2025-10-01,09:34:58.000,306.6,300.0,306.2,307.0,150.0
2025-10-01,09:34:59.000,306.6,300.0,306.2,307.0,150.0
2025-10-01,09:35:00.000,306.62,300.0,306.25,307.0,150.0
2025-10-01,09:35:01.000,306.62,300.0,306.25,307.0,150.0
2025-10-01,09:35:02.000,305.82,75.0,305.25,306.4,450.0
2025-10-01,09:35:03.000,305.3,300.0,304.8,305.8,225.0
2025-10-01,09:35:04.000,305.3,300.0,304.8,305.8,225.0
2025-10-01,09:35:05.000,304.92,450.0,304.3,305.55,300.0
2025-10-01,09:35:06.000,304.92,450.0,304.3,305.55,300.0
2025-10-01,09:35:07.000,304.6,300.0,304.05,305.15,300.0
2025-10-01,09:35:08.000,305.12,300.0,304.6,305.65,600.0
2025-10-01,09:35:09.000,305.12,300.0,304.6,305.65,600.0
2025-10-01,09:35:10.000,305.5,300.0,305.05,305.95,150.0
2025-10-01,09:35:11.000,305.5,300.0,305.05,305.95,150.0
2025-10-01,09:35:12.000,305.33,300.0,304.85,305.8,75.0
2025-10-01,09:35:13.000,305.6,300.0,305.2,306.0,150.0
2025-10-01,09:35:14.000,305.6,300.0,305.2,306.0,150.0
2025-10-01,09:35:15.000,305.4,525.0,304.95,305.85,150.0
2025-10-01,09:35:16.000,305.4,525.0,304.95,305.85,150.0
2025-10-01,09:35:17.000,305.45,300.0,304.95,305.95,225.0
2025-10-01,09:35:18.000,305.6,375.0,305.2,306.0,150.0
2025-10-01,09:35:19.000,305.6,375.0,305.2,306.0,150.0
2025-10-01,09:35:20.000,306.38,300.0,305.85,306.9,225.0
2025-10-01,09:35:21.000,306.38,300.0,305.85,306.9,225.0
2025-10-01,09:35:22.000,306.2,300.0,305.7,306.7,300.0
2025-10-01,09:35:23.000,306.0,75.0,305.6,306.4,375.0
2025-10-01,09:35:24.000,306.0,75.0,305.6,306.4,375.0
2025-10-01,09:35:25.000,306.08,75.0,305.65,306.5,300.0
2025-10-01,09:35:26.000,306.08,75.0,305.65,306.5,300.0
2025-10-01,09:35:27.000,305.88,300.0,305.4,306.35,75.0
2025-10-01,09:35:28.000,305.55,300.0,305.1,306.0,150.0
2025-10-01,09:35:29.000,305.55,300.0,305.1,306.0,150.0
2025-10-01,09:35:30.000,305.62,300.0,305.25,306.0,150.0
2025-10-01,09:35:31.000,305.62,300.0,305.25,306.0,150.0
2025-10-01,09:35:32.000,305.88,300.0,305.4,306.35,450.0
2025-10-01,09:35:33.000,305.85,300.0,305.35,306.35,450.0
2025-10-01,09:35:34.000,305.85,300.0,305.35,306.35,450.0
2025-10-01,09:35:35.000,305.8,300.0,305.3,306.3,375.0
2025-10-01,09:35:36.000,305.8,300.0,305.3,306.3,375.0
2025-10-01,09:35:37.000,306.25,300.0,305.75,306.75,375.0
2025-10-01,09:35:38.000,306.02,300.0,305.55,306.5,150.0
2025-10-01,09:35:39.000,306.02,300.0,305.55,306.5,150.0
2025-10-01,09:35:40.000,306.48,300.0,306.0,306.95,300.0
2025-10-01,09:35:41.000,306.48,300.0,306.0,306.95,300.0
2025-10-01,09:35:42.000,306.98,300.0,306.5,307.45,300.0
2025-10-01,09:35:43.000,306.77,300.0,306.3,307.25,300.0
2025-10-01,09:35:44.000,306.77,300.0,306.3,307.25,300.0
2025-10-01,09:35:45.000,306.05,225.0,305.55,306.55,300.0
2025-10-01,09:35:46.000,306.05,225.0,305.55,306.55,300.0
2025-10-01,09:35:47.000,306.27,300.0,305.8,306.75,300.0
2025-10-01,09:35:48.000,306.62,300.0,306.25,307.0,150.0
2025-10-01,09:35:49.000,306.62,300.0,306.25,307.0,150.0
2025-10-01,09:35:50.000,306.1,300.0,305.65,306.55,150.0
2025-10-01,09:35:51.000,306.1,300.0,305.65,306.55,150.0
2025-10-01,09:35:52.000,307.55,300.0,307.1,308.0,450.0
2025-10-01,09:35:53.000,307.88,300.0,307.45,308.3,300.0
2025-10-01,09:35:54.000,307.88,300.0,307.45,308.3,300.0
2025-10-01,09:35:55.000,307.55,300.0,307.1,308.0,300.0
2025-10-01,09:35:56.000,307.55,300.0,307.1,308.0,300.0
2025-10-01,09:35:57.000,308.05,300.0,307.6,308.5,450.0
2025-10-01,09:35:58.000,308.17,300.0,307.7,308.65,150.0
2025-10-01,09:35:59.000,308.17,300.0,307.7,308.65,150.0
2025-10-01,09:36:00.000,308.55,300.0,308.1,309.0,450.0
2025-10-01,09:36:01.000,308.55,300.0,308.1,309.0,450.0
2025-10-01,09:36:02.000,308.5,75.0,308.1,308.9,300.0
2025-10-01,09:36:03.000,307.45,300.0,306.95,307.95,525.0
2025-10-01,09:36:04.000,307.45,300.0,306.95,307.95,525.0
2025-10-01,09:36:05.000,307.25,300.0,306.8,307.7,300.0
2025-10-01,09:36:06.000,307.2,300.0,306.75,307.65,300.0
2025-10-01,09:36:07.000,307.2,300.0,306.75,307.65,300.0
2025-10-01,09:36:08.000,306.23,300.0,305.8,306.65,75.0
2025-10-01,09:36:09.000,306.23,300.0,305.8,306.65,75.0
2025-10-01,09:36:10.000,306.77,75.0,306.2,307.35,150.0
2025-10-01,09:36:11.000,305.38,300.0,304.9,305.85,300.0
2025-10-01,09:36:12.000,305.38,300.0,304.9,305.85,300.0
2025-10-01,09:36:13.000,305.15,300.0,304.7,305.6,300.0
2025-10-01,09:36:14.000,305.15,300.0,304.7,305.6,300.0
2025-10-01,09:36:15.000,305.32,300.0,304.75,305.9,150.0
2025-10-01,09:36:16.000,305.32,300.0,304.75,305.9,150.0
2025-10-01,09:36:17.000,305.15,300.0,304.7,305.6,300.0
2025-10-01,09:36:18.000,305.2,300.0,304.75,305.65,300.0
2025-10-01,09:36:19.000,305.2,300.0,304.75,305.65,300.0
2025-10-01,09:36:20.000,305.27,300.0,304.8,305.75,300.0
2025-10-01,09:36:21.000,305.27,300.0,304.8,305.75,300.0
2025-10-01,09:36:22.000,304.98,300.0,304.5,305.45,150.0
2025-10-01,09:36:23.000,305.45,300.0,304.95,305.95,300.0
2025-10-01,09:36:24.000,305.45,300.0,304.95,305.95,300.0
2025-10-01,09:36:25.000,305.4,300.0,304.95,305.85,300.0
2025-10-01,09:36:26.000,305.4,300.0,304.95,305.85,300.0
2025-10-01,09:36:27.000,305.58,300.0,305.15,306.0,150.0
2025-10-01,09:36:28.000,305.3,300.0,304.8,305.8,300.0
2025-10-01,09:36:29.000,305.3,300.0,304.8,305.8,300.0
2025-10-01,09:36:30.000,305.23,300.0,304.75,305.7,300.0
2025-10-01,09:36:31.000,305.27,300.0,304.8,305.75,300.0
2025-10-01,09:36:32.000,305.27,300.0,304.8,305.75,300.0
2025-10-01,09:36:33.000,304.98,300.0,304.5,305.45,525.0
2025-10-01,09:36:34.000,304.98,300.0,304.5,305.45,525.0
2025-10-01,09:36:35.000,304.23,300.0,303.7,304.75,300.0
2025-10-01,09:36:36.000,305.0,300.0,304.55,305.45,225.0
2025-10-01,09:36:37.000,305.0,300.0,304.55,305.45,225.0
2025-10-01,09:36:38.000,304.62,300.0,304.25,305.0,150.0
2025-10-01,09:36:39.000,304.62,300.0,304.25,305.0,150.0
2025-10-01,09:36:40.000,304.83,300.0,304.3,305.35,675.0
2025-10-01,09:36:41.000,304.27,300.0,303.75,304.8,300.0
2025-10-01,09:36:42.000,304.27,300.0,303.75,304.8,300.0
2025-10-01,09:36:43.000,303.88,300.0,303.3,304.45,225.0
2025-10-01,09:36:44.000,303.88,300.0,303.3,304.45,225.0
2025-10-01,09:36:45.000,303.5,300.0,303.05,303.95,225.0
2025-10-01,09:36:46.000,304.02,300.0,303.5,304.55,225.0
2025-10-01,09:36:47.000,304.02,300.0,303.5,304.55,225.0
2025-10-01,09:36:48.000,304.45,300.0,303.95,304.95,225.0
2025-10-01,09:36:49.000,304.45,300.0,303.95,304.95,225.0
2025-10-01,09:36:50.000,304.17,300.0,303.65,304.7,450.0
2025-10-01,09:36:51.000,304.02,300.0,303.5,304.55,225.0
2025-10-01,09:36:52.000,304.02,300.0,303.5,304.55,225.0
2025-10-01,09:36:53.000,304.12,300.0,303.65,304.6,450.0
2025-10-01,09:36:54.000,304.12,300.0,303.65,304.6,450.0
2025-10-01,09:36:55.000,304.3,300.0,303.85,304.75,150.0
2025-10-01,09:36:56.000,304.08,300.0,303.6,304.55,450.0
2025-10-01,09:36:57.000,304.08,300.0,303.6,304.55,450.0
2025-10-01,09:36:58.000,304.08,300.0,303.6,304.55,450.0
2025-10-01,09:36:59.000,304.08,300.0,303.6,304.55,450.0
2025-10-01,09:37:00.000,303.62,300.0,303.25,304.0,150.0
2025-10-01,09:37:01.000,304.35,300.0,303.9,304.8,300.0
2025-10-01,09:37:02.000,304.35,300.0,303.9,304.8,300.0
2025-10-01,09:37:03.000,304.6,300.0,304.2,305.0,150.0
2025-10-01,09:37:04.000,304.58,300.0,304.15,305.0,150.0
2025-10-01,09:37:05.000,304.58,300.0,304.15,305.0,150.0
2025-10-01,09:37:06.000,303.65,300.0,303.3,304.0,150.0
2025-10-01,09:37:07.000,303.65,300.0,303.3,304.0,150.0
2025-10-01,09:37:08.000,303.17,300.0,302.7,303.65,150.0
2025-10-01,09:37:09.000,303.1,300.0,302.6,303.6,600.0
2025-10-01,09:37:10.000,303.1,300.0,302.6,303.6,600.0
2025-10-01,09:37:11.000,303.5,300.0,303.05,303.95,150.0
2025-10-01,09:37:12.000,303.5,300.0,303.05,303.95,150.0
2025-10-01,09:37:13.000,303.38,75.0,302.8,303.95,150.0
2025-10-01,09:37:14.000,303.3,300.0,302.85,303.75,300.0
2025-10-01,09:37:15.000,303.3,300.0,302.85,303.75,300.0
2025-10-01,09:37:16.000,304.23,300.0,303.75,304.7,300.0
2025-10-01,09:37:17.000,304.23,300.0,303.75,304.7,300.0
2025-10-01,09:37:18.000,303.95,300.0,303.5,304.4,300.0
2025-10-01,09:37:19.000,304.1,300.0,303.65,304.55,300.0
2025-10-01,09:37:20.000,304.1,300.0,303.65,304.55,300.0
2025-10-01,09:37:21.000,303.85,300.0,303.4,304.3,300.0
2025-10-01,09:37:22.000,303.85,300.0,303.4,304.3,300.0
2025-10-01,09:37:23.000,303.8,300.0,303.35,304.25,300.0
2025-10-01,09:37:24.000,303.77,300.0,303.3,304.25,300.0
2025-10-01,09:37:25.000,303.77,300.0,303.3,304.25,300.0
2025-10-01,09:37:26.000,303.25,300.0,302.85,303.65,150.0
2025-10-01,09:37:27.000,303.25,300.0,302.85,303.65,150.0
2025-10-01,09:37:28.000,303.6,300.0,303.2,304.0,150.0
2025-10-01,09:37:29.000,302.95,300.0,302.5,303.4,300.0
2025-10-01,09:37:30.000,302.95,300.0,302.5,303.4,300.0
2025-10-01,09:37:31.000,303.33,300.0,302.85,303.8,300.0
2025-10-01,09:37:32.000,303.33,300.0,302.85,303.8,300.0
2025-10-01,09:37:33.000,303.55,300.0,303.1,304.0,225.0
2025-10-01,09:37:34.000,303.6,300.0,303.2,304.0,150.0
2025-10-01,09:37:35.000,303.6,300.0,303.2,304.0,150.0
2025-10-01,09:37:36.000,303.58,300.0,303.15,304.0,450.0
2025-10-01,09:37:37.000,303.58,300.0,303.15,304.0,450.0
2025-10-01,09:37:38.000,303.6,300.0,303.2,304.0,150.0
2025-10-01,09:37:39.000,303.62,300.0,303.25,304.0,150.0
2025-10-01,09:37:40.000,303.62,300.0,303.25,304.0,150.0
2025-10-01,09:37:41.000,303.7,75.0,303.4,304.0,150.0
2025-10-01,09:37:42.000,303.7,75.0,303.4,304.0,150.0
2025-10-01,09:37:43.000,303.58,300.0,303.15,304.0,150.0
2025-10-01,09:37:44.000,303.5,300.0,303.0,304.0,150.0
2025-10-01,09:37:45.000,303.5,300.0,303.0,304.0,150.0
2025-10-01,09:37:46.000,303.65,300.0,303.3,304.0,150.0
2025-10-01,09:37:47.000,303.65,300.0,303.3,304.0,150.0
2025-10-01,09:37:48.000,303.88,300.0,303.35,304.4,375.0
2025-10-01,09:37:49.000,303.33,300.0,302.8,303.85,150.0
2025-10-01,09:37:50.000,303.33,300.0,302.8,303.85,150.0
2025-10-01,09:37:51.000,303.52,300.0,303.05,304.0,375.0
2025-10-01,09:37:52.000,303.52,300.0,303.05,304.0,375.0
2025-10-01,09:37:53.000,303.8,300.0,303.3,304.3,300.0
2025-10-01,09:37:54.000,303.65,225.0,303.3,304.0,150.0
2025-10-01,09:37:55.000,303.65,225.0,303.3,304.0,150.0
2025-10-01,09:37:56.000,303.52,300.0,303.15,303.9,150.0
2025-10-01,09:37:57.000,303.52,300.0,303.15,303.9,150.0
2025-10-01,09:37:58.000,304.12,300.0,303.65,304.6,75.0
2025-10-01,09:37:59.000,304.12,300.0,303.65,304.6,75.0
2025-10-01,09:38:00.000,304.12,300.0,303.65,304.6,75.0
2025-10-01,09:38:01.000,304.3,75.0,303.8,304.8,375.0
2025-10-01,09:38:02.000,304.3,75.0,303.8,304.8,375.0
2025-10-01,09:38:03.000,304.58,75.0,304.15,305.0,150.0
2025-10-01,09:38:04.000,305.27,300.0,304.75,305.8,300.0
2025-10-01,09:38:05.000,305.27,300.0,304.75,305.8,300.0
2025-10-01,09:38:06.000,305.7,75.0,305.2,306.2,300.0
2025-10-01,09:38:07.000,305.7,75.0,305.2,306.2,300.0
2025-10-01,09:38:08.000,305.5,75.0,305.05,305.95,300.0
2025-10-01,09:38:09.000,305.12,75.0,304.7,305.55,300.0
2025-10-01,09:38:10.000,305.12,75.0,304.7,305.55,300.0
2025-10-01,09:38:11.000,305.52,525.0,305.05,306.0,150.0
2025-10-01,09:38:12.000,305.52,525.0,305.05,306.0,150.0
2025-10-01,09:38:13.000,305.92,75.0,305.45,306.4,300.0
2025-10-01,09:38:14.000,306.05,75.0,305.55,306.55,300.0
2025-10-01,09:38:15.000,306.05,75.0,305.55,306.55,300.0
2025-10-01,09:38:16.000,305.8,525.0,305.25,306.35,300.0
2025-10-01,09:38:17.000,305.8,525.0,305.25,306.35,300.0
2025-10-01,09:38:18.000,305.7,75.0,305.2,306.2,375.0
2025-10-01,09:38:19.000,305.08,150.0,304.55,305.6,300.0
2025-10-01,09:38:20.000,305.08,150.0,304.55,305.6,300.0
2025-10-01,09:38:21.000,304.8,150.0,304.3,305.3,300.0
2025-10-01,09:38:22.000,304.8,150.0,304.3,305.3,300.0
2025-10-01,09:38:23.000,304.95,150.0,304.45,305.45,375.0
2025-10-01,09:38:24.000,304.98,150.0,304.5,305.45,150.0
2025-10-01,09:38:25.000,304.98,150.0,304.5,305.45,150.0
2025-10-01,09:38:26.000,305.95,375.0,305.4,306.5,300.0
2025-10-01,09:38:27.000,307.05,150.0,306.55,307.55,150.0
2025-10-01,09:38:28.000,307.05,150.0,306.55,307.55,150.0
2025-10-01,09:38:29.000,306.98,150.0,306.5,307.45,300.0
2025-10-01,09:38:30.000,306.98,150.0,306.5,307.45,300.0
2025-10-01,09:38:31.000,306.6,150.0,306.2,307.0,150.0
2025-10-01,09:38:32.000,306.6,150.0,306.2,307.0,150.0
2025-10-01,09:38:33.000,306.3,150.0,305.85,306.75,450.0
2025-10-01,09:38:34.000,306.3,150.0,305.85,306.75,300.0
2025-10-01,09:38:35.000,306.3,150.0,305.85,306.75,300.0
2025-10-01,09:38:36.000,305.8,150.0,305.35,306.25,300.0
2025-10-01,09:38:37.000,305.8,150.0,305.35,306.25,300.0
2025-10-01,09:38:38.000,305.83,150.0,305.35,306.3,300.0
2025-10-01,09:38:39.000,305.85,150.0,305.4,306.3,300.0
2025-10-01,09:38:40.000,305.85,150.0,305.4,306.3,300.0
2025-10-01,09:38:41.000,305.52,150.0,305.05,306.0,450.0
2025-10-01,09:38:42.000,306.02,150.0,305.55,306.5,300.0
2025-10-01,09:38:43.000,306.02,150.0,305.55,306.5,300.0
2025-10-01,09:38:44.000,306.15,150.0,305.7,306.6,300.0
2025-10-01,09:38:45.000,306.15,150.0,305.7,306.6,300.0
2025-10-01,09:38:46.000,305.4,150.0,304.95,305.85,450.0
2025-10-01,09:38:47.000,305.23,150.0,304.75,305.7,150.0
2025-10-01,09:38:48.000,305.23,150.0,304.75,305.7,150.0
2025-10-01,09:38:49.000,305.33,150.0,304.85,305.8,300.0
2025-10-01,09:38:50.000,305.33,150.0,304.85,305.8,300.0
2025-10-01,09:38:51.000,305.23,150.0,304.8,305.65,300.0
2025-10-01,09:38:52.000,305.35,150.0,304.9,305.8,300.0
2025-10-01,09:38:53.000,305.35,150.0,304.9,305.8,300.0
2025-10-01,09:38:54.000,305.73,225.0,305.25,306.2,300.0
2025-10-01,09:38:55.000,305.73,225.0,305.25,306.2,300.0
2025-10-01,09:38:56.000,305.88,225.0,305.4,306.35,150.0
2025-10-01,09:38:57.000,306.2,150.0,305.75,306.65,300.0
2025-10-01,09:38:58.000,306.2,150.0,305.75,306.65,300.0
2025-10-01,09:38:59.000,306.1,75.0,305.55,306.65,150.0
2025-10-01,09:39:00.000,306.1,75.0,305.55,306.65,150.0
2025-10-01,09:39:01.000,305.62,75.0,305.1,306.15,150.0
2025-10-01,09:39:02.000,306.32,150.0,305.9,306.75,150.0
2025-10-01,09:39:03.000,306.32,150.0,305.9,306.75,150.0
2025-10-01,09:39:04.000,306.4,150.0,305.95,306.85,150.0
2025-10-01,09:39:05.000,306.4,150.0,305.95,306.85,150.0
2025-10-01,09:39:06.000,306.1,375.0,305.45,306.75,450.0
2025-10-01,09:39:07.000,305.42,150.0,304.95,305.9,300.0
2025-10-01,09:39:08.000,305.42,150.0,304.95,305.9,300.0
2025-10-01,09:39:09.000,305.92,150.0,305.45,306.4,450.0
2025-10-01,09:39:10.000,305.92,150.0,305.45,306.4,450.0
2025-10-01,09:39:11.000,305.88,150.0,305.4,306.35,450.0
2025-10-01,09:39:12.000,305.67,150.0,305.2,306.15,300.0
2025-10-01,09:39:13.000,305.67,150.0,305.2,306.15,300.0
2025-10-01,09:39:14.000,305.27,150.0,304.85,305.7,150.0
2025-10-01,09:39:15.000,305.27,150.0,304.85,305.7,150.0
2025-10-01,09:39:16.000,305.0,150.0,304.55,305.45,225.0
2025-10-01,09:39:17.000,304.12,450.0,303.65,304.6,300.0
2025-10-01,09:39:18.000,304.12,450.0,303.65,304.6,300.0
2025-10-01,09:39:19.000,304.1,150.0,303.5,304.7,300.0
2025-10-01,09:39:20.000,304.1,150.0,303.5,304.7,300.0
2025-10-01,09:39:21.000,304.2,150.0,303.75,304.65,300.0
2025-10-01,09:39:22.000,304.48,150.0,304.0,304.95,225.0
2025-10-01,09:39:23.000,304.48,150.0,304.0,304.95,225.0
2025-10-01,09:39:24.000,304.38,525.0,303.9,304.85,300.0
2025-10-01,09:39:25.000,304.38,525.0,303.9,304.85,300.0
2025-10-01,09:39:26.000,304.15,150.0,303.65,304.65,300.0
2025-10-01,09:39:27.000,304.15,150.0,303.65,304.65,450.0
2025-10-01,09:39:28.000,304.15,150.0,303.65,304.65,450.0
2025-10-01,09:39:29.000,303.5,150.0,303.05,303.95,150.0
2025-10-01,09:39:30.000,303.5,150.0,303.05,303.95,150.0
2025-10-01,09:39:31.000,302.25,150.0,301.75,302.75,600.0
2025-10-01,09:39:32.000,302.62,150.0,302.25,303.0,150.0
2025-10-01,09:39:33.000,302.62,150.0,302.25,303.0,150.0
2025-10-01,09:39:34.000,302.08,150.0,301.6,302.55,225.0
2025-10-01,09:39:35.000,302.08,150.0,301.6,302.55,225.0
2025-10-01,09:39:36.000,302.23,150.0,301.55,302.9,150.0
2025-10-01,09:39:37.000,302.5,225.0,302.05,302.95,300.0
2025-10-01,09:39:38.000,302.5,225.0,302.05,302.95,300.0
2025-10-01,09:39:39.000,302.82,75.0,302.45,303.2,300.0
2025-10-01,09:39:40.000,302.82,75.0,302.45,303.2,300.0
2025-10-01,09:39:41.000,302.42,75.0,301.95,302.9,300.0
2025-10-01,09:39:42.000,302.05,750.0,301.55,302.55,300.0
2025-10-01,09:39:43.000,302.05,750.0,301.55,302.55,300.0
2025-10-01,09:39:44.000,301.9,300.0,301.45,302.35,450.0
2025-10-01,09:39:45.000,302.12,150.0,301.75,302.5,75.0
2025-10-01,09:39:46.000,302.12,150.0,301.75,302.5,75.0
2025-10-01,09:39:47.000,301.98,75.0,301.5,302.45,300.0
2025-10-01,09:39:48.000,301.98,75.0,301.5,302.45,300.0
2025-10-01,09:39:49.000,302.15,225.0,301.8,302.5,75.0
2025-10-01,09:39:50.000,302.15,225.0,301.8,302.5,75.0
2025-10-01,09:39:51.000,302.15,225.0,301.8,302.5,75.0
2025-10-01,09:39:52.000,301.95,75.0,301.5,302.4,300.0
2025-10-01,09:39:53.000,301.95,75.0,301.5,302.4,300.0
2025-10-01,09:39:54.000,302.35,300.0,301.85,302.85,300.0
2025-10-01,09:39:55.000,302.5,225.0,302.05,302.95,300.0
2025-10-01,09:39:56.000,302.5,225.0,302.05,302.95,300.0
2025-10-01,09:39:57.000,302.75,150.0,302.3,303.2,300.0
2025-10-01,09:39:58.000,302.75,150.0,302.3,303.2,300.0
2025-10-01,09:39:59.000,302.83,375.0,302.35,303.3,300.0
2025-10-01,09:40:00.000,302.95,150.0,302.5,303.4,300.0
2025-10-01,09:40:01.000,302.95,150.0,302.5,303.4,300.0
2025-10-01,09:40:02.000,302.58,150.0,302.15,303.0,150.0
2025-10-01,09:40:03.000,302.58,150.0,302.15,303.0,150.0
2025-10-01,09:40:04.000,303.33,150.0,302.85,303.8,600.0
2025-10-01,09:40:05.000,302.52,150.0,302.1,302.95,150.0
2025-10-01,09:40:06.000,302.52,150.0,302.1,302.95,150.0
2025-10-01,09:40:07.000,302.58,150.0,302.15,303.0,150.0
2025-10-01,09:40:08.000,302.58,150.0,302.15,303.0,150.0
2025-10-01,09:40:09.000,302.92,150.0,302.45,303.4,300.0
2025-10-01,09:40:10.000,302.6,150.0,302.25,302.95,150.0
2025-10-01,09:40:11.000,302.6,150.0,302.25,302.95,150.0
2025-10-01,09:40:12.000,302.8,225.0,302.35,303.25,300.0
2025-10-01,09:40:13.000,302.8,225.0,302.35,303.25,300.0
2025-10-01,09:40:14.000,303.25,150.0,302.8,303.7,300.0
2025-10-01,09:40:15.000,303.83,150.0,303.35,304.3,300.0
2025-10-01,09:40:16.000,303.83,150.0,303.35,304.3,300.0
2025-10-01,09:40:17.000,303.52,150.0,303.05,304.0,525.0
2025-10-01,09:40:18.000,303.52,150.0,303.05,304.0,525.0
2025-10-01,09:40:19.000,304.15,225.0,303.55,304.75,450.0
2025-10-01,09:40:20.000,303.83,150.0,303.35,304.3,450.0
2025-10-01,09:40:21.000,303.83,150.0,303.35,304.3,450.0
2025-10-01,09:40:22.000,304.08,150.0,303.6,304.55,300.0
2025-10-01,09:40:23.000,304.08,150.0,303.6,304.55,300.0
2025-10-01,09:40:24.000,304.48,225.0,303.95,305.0,150.0
2025-10-01,09:40:25.000,304.33,150.0,303.8,304.85,450.0
2025-10-01,09:40:26.000,304.33,150.0,303.8,304.85,450.0
2025-10-01,09:40:27.000,304.17,150.0,303.7,304.65,525.0
2025-10-01,09:40:28.000,304.17,150.0,303.7,304.65,525.0
2025-10-01,09:40:29.000,304.65,150.0,304.3,305.0,150.0
2025-10-01,09:40:30.000,304.82,150.0,304.4,305.25,150.0
2025-10-01,09:40:31.000,304.82,150.0,304.4,305.25,150.0
2025-10-01,09:40:32.000,304.85,150.0,304.4,305.3,450.0
2025-10-01,09:40:33.000,305.2,150.0,304.75,305.65,150.0
2025-10-01,09:40:34.000,305.2,150.0,304.75,305.65,150.0
2025-10-01,09:40:35.000,304.75,150.0,304.5,305.0,300.0
2025-10-01,09:40:36.000,304.75,150.0,304.5,305.0,300.0
2025-10-01,09:40:37.000,305.1,150.0,304.65,305.55,525.0
2025-10-01,09:40:38.000,305.1,150.0,304.65,305.55,525.0
2025-10-01,09:40:39.000,305.48,150.0,305.05,305.9,300.0
2025-10-01,09:40:40.000,305.32,150.0,304.9,305.75,525.0
2025-10-01,09:40:41.000,305.32,150.0,304.9,305.75,525.0
2025-10-01,09:40:42.000,305.7,150.0,305.25,306.15,300.0
2025-10-01,09:40:43.000,305.95,150.0,305.5,306.4,450.0
2025-10-01,09:40:44.000,305.95,150.0,305.5,306.4,450.0
2025-10-01,09:40:45.000,306.23,150.0,305.85,306.6,75.0
2025-10-01,09:40:46.000,306.23,150.0,305.85,306.6,75.0
2025-10-01,09:40:47.000,304.6,150.0,304.25,304.95,150.0
2025-10-01,09:40:48.000,303.95,150.0,303.5,304.4,225.0
2025-10-01,09:40:49.000,303.95,150.0,303.5,304.4,225.0
2025-10-01,09:40:50.000,303.7,150.0,303.5,303.9,75.0
2025-10-01,09:40:51.000,303.7,150.0,303.5,303.9,75.0
2025-10-01,09:40:52.000,303.8,150.0,303.7,303.9,75.0
2025-10-01,09:40:53.000,304.27,150.0,303.95,304.6,75.0
2025-10-01,09:40:54.000,304.27,150.0,303.95,304.6,75.0
2025-10-01,09:40:55.000,303.42,375.0,302.9,303.95,225.0
2025-10-01,09:40:56.000,303.42,375.0,302.9,303.95,225.0
2025-10-01,09:40:57.000,303.58,150.0,303.35,303.8,75.0
2025-10-01,09:40:58.000,303.55,150.0,303.3,303.8,75.0
2025-10-01,09:40:59.000,303.55,150.0,303.3,303.8,75.0
2025-10-01,09:41:00.000,303.58,150.0,303.35,303.8,75.0
2025-10-01,09:41:01.000,303.58,150.0,303.35,303.8,75.0
2025-10-01,09:41:02.000,303.02,150.0,302.65,303.4,225.0
2025-10-01,09:41:03.000,302.12,150.0,301.7,302.55,75.0
2025-10-01,09:41:04.000,302.12,150.0,301.7,302.55,75.0
2025-10-01,09:41:05.000,302.12,150.0,301.75,302.5,150.0
2025-10-01,09:41:06.000,302.12,150.0,301.75,302.5,150.0
2025-10-01,09:41:07.000,301.8,150.0,301.6,302.0,75.0
2025-10-01,09:41:08.000,302.38,150.0,302.15,302.6,75.0
2025-10-01,09:41:09.000,302.38,150.0,302.15,302.6,75.0
2025-10-01,09:41:10.000,302.08,150.0,301.7,302.45,75.0
2025-10-01,09:41:11.000,301.25,150.0,300.8,301.7,300.0
2025-10-01,09:41:12.000,301.25,150.0,300.8,301.7,300.0
2025-10-01,09:41:13.000,300.9,150.0,300.55,301.25,75.0
2025-10-01,09:41:14.000,300.9,150.0,300.55,301.25,75.0
2025-10-01,09:41:15.000,300.88,150.0,300.55,301.2,75.0
2025-10-01,09:41:16.000,300.48,150.0,300.1,300.85,75.0
2025-10-01,09:41:17.000,300.48,150.0,300.1,300.85,75.0
2025-10-01,09:41:18.000,301.0,225.0,300.55,301.45,375.0
2025-10-01,09:41:19.000,301.0,225.0,300.55,301.45,375.0
2025-10-01,09:41:20.000,300.88,525.0,300.35,301.4,150.0
2025-10-01,09:41:21.000,300.67,225.0,300.2,301.15,300.0
2025-10-01,09:41:22.000,300.67,225.0,300.2,301.15,300.0
2025-10-01,09:41:23.000,300.98,75.0,300.55,301.4,300.0
2025-10-01,09:41:24.000,300.98,75.0,300.55,301.4,300.0
2025-10-01,09:41:25.000,301.32,75.0,300.9,301.75,300.0
2025-10-01,09:41:26.000,301.42,525.0,300.95,301.9,300.0
2025-10-01,09:41:27.000,301.42,525.0,300.95,301.9,300.0
2025-10-01,09:41:28.000,301.8,225.0,301.35,302.25,300.0
2025-10-01,09:41:29.000,301.8,225.0,301.35,302.25,300.0
2025-10-01,09:41:30.000,301.8,150.0,301.35,302.25,150.0
2025-10-01,09:41:31.000,301.62,225.0,301.25,302.0,150.0
2025-10-01,09:41:32.000,301.62,225.0,301.25,302.0,150.0
2025-10-01,09:41:33.000,302.45,75.0,301.95,302.95,300.0
2025-10-01,09:41:34.000,302.45,75.0,301.95,302.95,300.0
2025-10-01,09:41:35.000,302.4,75.0,301.95,302.85,300.0
2025-10-01,09:41:36.000,302.12,750.0,301.7,302.55,300.0
2025-10-01,09:41:37.000,302.12,750.0,301.7,302.55,300.0
2025-10-01,09:41:38.000,302.18,75.0,301.75,302.6,300.0
2025-10-01,09:41:39.000,302.18,75.0,301.75,302.6,300.0
2025-10-01,09:41:40.000,302.0,150.0,301.55,302.45,300.0
2025-10-01,09:41:41.000,301.55,150.0,301.1,302.0,450.0
2025-10-01,09:41:42.000,301.55,150.0,301.1,302.0,450.0
2025-10-01,09:41:43.000,301.75,150.0,301.3,302.2,300.0
2025-10-01,09:41:44.000,301.75,150.0,301.3,302.2,300.0
2025-10-01,09:41:45.000,302.08,75.0,301.6,302.55,300.0
2025-10-01,09:41:46.000,302.08,75.0,301.6,302.55,300.0
2025-10-01,09:41:47.000,302.15,150.0,301.7,302.6,300.0
2025-10-01,09:41:48.000,302.05,150.0,301.6,302.5,300.0
2025-10-01,09:41:49.000,302.05,150.0,301.6,302.5,300.0
2025-10-01,09:41:50.000,302.1,225.0,301.65,302.55,300.0
2025-10-01,09:41:51.000,302.1,225.0,301.65,302.55,300.0
2025-10-01,09:41:52.000,302.15,150.0,301.7,302.6,300.0
2025-10-01,09:41:53.000,301.85,150.0,301.3,302.4,450.0
2025-10-01,09:41:54.000,301.85,150.0,301.3,302.4,450.0
2025-10-01,09:41:55.000,301.25,75.0,300.75,301.75,300.0
2025-10-01,09:41:56.000,301.25,75.0,300.75,301.75,300.0
2025-10-01,09:41:57.000,301.95,75.0,301.4,302.5,225.0
2025-10-01,09:41:58.000,301.58,225.0,301.15,302.0,150.0
2025-10-01,09:41:59.000,301.58,225.0,301.15,302.0,150.0
2025-10-01,09:42:00.000,301.55,150.0,301.15,301.95,150.0
2025-10-01,09:42:01.000,301.55,150.0,301.15,301.95,150.0
2025-10-01,09:42:02.000,301.45,150.0,300.95,301.95,150.0
2025-10-01,09:42:03.000,301.35,150.0,300.85,301.85,150.0
2025-10-01,09:42:04.000,301.35,150.0,300.85,301.85,150.0
2025-10-01,09:42:05.000,301.48,525.0,300.95,302.0,150.0
2025-10-01,09:42:06.000,301.48,525.0,300.95,302.0,150.0
2025-10-01,09:42:07.000,301.2,750.0,300.65,301.75,300.0
2025-10-01,09:42:08.000,301.27,525.0,300.75,301.8,450.0
2025-10-01,09:42:09.000,301.27,525.0,300.75,301.8,450.0
2025-10-01,09:42:10.000,301.1,525.0,300.6,301.6,300.0
2025-10-01,09:42:11.000,301.1,525.0,300.6,301.6,300.0
2025-10-01,09:42:12.000,301.17,225.0,300.7,301.65,300.0
2025-10-01,09:42:13.000,301.02,150.0,300.55,301.5,300.0
2025-10-01,09:42:14.000,301.02,150.0,300.55,301.5,300.0
2025-10-01,09:42:15.000,301.12,150.0,300.65,301.6,450.0
2025-10-01,09:42:16.000,301.65,150.0,301.3,302.0,150.0
2025-10-01,09:42:17.000,301.65,150.0,301.3,302.0,150.0
2025-10-01,09:42:18.000,300.58,150.0,300.2,300.95,150.0
2025-10-01,09:42:19.000,300.58,150.0,300.2,300.95,150.0
2025-10-01,09:42:20.000,300.65,225.0,300.3,301.0,150.0
2025-10-01,09:42:21.000,300.48,150.0,300.0,300.95,600.0
2025-10-01,09:42:22.000,300.48,150.0,300.0,300.95,600.0
2025-10-01,09:42:23.000,299.25,150.0,298.8,299.7,150.0
2025-10-01,09:42:24.000,299.25,150.0,298.8,299.7,150.0
2025-10-01,09:42:25.000,298.58,225.0,298.15,299.0,300.0
2025-10-01,09:42:26.000,298.27,375.0,297.7,298.85,450.0
2025-10-01,09:42:27.000,298.27,375.0,297.7,298.85,450.0
2025-10-01,09:42:28.000,298.27,525.0,297.7,298.85,600.0
2025-10-01,09:42:29.000,298.27,525.0,297.7,298.85,600.0
2025-10-01,09:42:30.000,298.52,150.0,298.1,298.95,75.0
2025-10-01,09:42:31.000,298.85,75.0,298.4,299.3,375.0
2025-10-01,09:42:32.000,298.85,75.0,298.4,299.3,375.0
2025-10-01,09:42:33.000,298.4,75.0,298.05,298.75,225.0
2025-10-01,09:42:34.000,298.4,75.0,298.05,298.75,225.0
2025-10-01,09:42:35.000,298.12,75.0,297.65,298.6,300.0
2025-10-01,09:42:36.000,298.55,150.0,298.1,299.0,150.0
2025-10-01,09:42:37.000,298.55,150.0,298.1,299.0,150.0
2025-10-01,09:42:38.000,298.55,75.0,298.1,299.0,150.0
2025-10-01,09:42:39.000,298.55,75.0,298.1,299.0,150.0
2025-10-01,09:42:40.000,298.0,75.0,297.55,298.45,300.0
2025-10-01,09:42:41.000,297.48,75.0,297.05,297.9,375.0
2025-10-01,09:42:42.000,297.48,75.0,297.05,297.9,375.0
2025-10-01,09:42:43.000,297.85,150.0,297.4,298.3,150.0
2025-10-01,09:42:44.000,298.12,150.0,297.65,298.6,225.0
2025-10-01,09:42:45.000,298.12,150.0,297.65,298.6,225.0
2025-10-01,09:42:46.000,297.77,75.0,297.35,298.2,300.0
2025-10-01,09:42:47.000,297.77,75.0,297.35,298.2,300.0
2025-10-01,09:42:48.000,297.38,75.0,296.9,297.85,525.0
2025-10-01,09:42:49.000,298.02,150.0,297.5,298.55,750.0
2025-10-01,09:42:50.000,298.02,150.0,297.5,298.55,750.0
2025-10-01,09:42:51.000,298.05,75.0,297.6,298.5,450.0
2025-10-01,09:42:52.000,298.05,75.0,297.6,298.5,450.0
2025-10-01,09:42:53.000,297.6,75.0,297.2,298.0,150.0
2025-10-01,09:42:54.000,297.6,75.0,297.2,298.0,150.0
2025-10-01,09:42:55.000,297.6,75.0,297.2,298.0,150.0
2025-10-01,09:42:56.000,298.27,150.0,297.8,298.75,150.0
2025-10-01,09:42:57.000,298.27,150.0,297.8,298.75,150.0
2025-10-01,09:42:58.000,297.68,150.0,297.35,298.0,150.0
2025-10-01,09:42:59.000,297.68,150.0,297.35,298.0,150.0
2025-10-01,09:43:00.000,297.6,150.0,297.2,298.0,150.0
2025-10-01,09:43:01.000,297.65,75.0,297.3,298.0,150.0
2025-10-01,09:43:02.000,297.65,75.0,297.3,298.0,150.0
2025-10-01,09:43:03.000,297.5,225.0,297.05,297.95,300.0
2025-10-01,09:43:04.000,297.5,225.0,297.05,297.95,300.0
2025-10-01,09:43:05.000,297.82,150.0,297.4,298.25,300.0
2025-10-01,09:43:06.000,297.77,75.0,297.25,298.3,750.0
2025-10-01,09:43:07.000,297.77,75.0,297.25,298.3,750.0
2025-10-01,09:43:08.000,297.62,75.0,297.25,298.0,300.0
2025-10-01,09:43:09.000,297.62,75.0,297.25,298.0,300.0
2025-10-01,09:43:10.000,297.73,150.0,297.3,298.15,300.0
2025-10-01,09:43:11.000,297.8,225.0,297.35,298.25,300.0
2025-10-01,09:43:12.000,297.8,225.0,297.35,298.25,300.0
2025-10-01,09:43:13.000,297.58,150.0,297.15,298.0,150.0
2025-10-01,09:43:14.000,297.58,150.0,297.15,298.0,150.0
2025-10-01,09:43:15.000,297.75,150.0,297.35,298.15,300.0
2025-10-01,09:43:16.000,297.55,75.0,297.15,297.95,300.0
2025-10-01,09:43:17.000,297.55,75.0,297.15,297.95,300.0
2025-10-01,09:43:18.000,297.1,150.0,296.75,297.45,150.0
2025-10-01,09:43:19.000,297.1,150.0,296.75,297.45,150.0
2025-10-01,09:43:20.000,296.88,150.0,296.45,297.3,225.0
2025-10-01,09:43:21.000,296.18,150.0,295.35,297.0,600.0
2025-10-01,09:43:22.000,296.18,150.0,295.35,297.0,600.0
2025-10-01,09:43:23.000,295.9,225.0,295.4,296.4,150.0
2025-10-01,09:43:24.000,295.9,225.0,295.4,296.4,150.0
2025-10-01,09:43:25.000,296.3,150.0,295.85,296.75,300.0
2025-10-01,09:43:26.000,296.23,150.0,295.65,296.8,225.0
2025-10-01,09:43:27.000,296.23,150.0,295.65,296.8,225.0
2025-10-01,09:43:28.000,296.32,150.0,295.75,296.9,225.0
2025-10-01,09:43:29.000,296.32,150.0,295.75,296.9,225.0
2025-10-01,09:43:30.000,296.52,225.0,296.05,297.0,450.0
2025-10-01,09:43:31.000,297.38,150.0,296.9,297.85,300.0
2025-10-01,09:43:32.000,297.38,150.0,296.9,297.85,300.0
2025-10-01,09:43:33.000,297.8,150.0,297.35,298.25,300.0
2025-10-01,09:43:34.000,297.8,150.0,297.35,298.25,300.0
2025-10-01,09:43:35.000,297.15,225.0,296.7,297.6,300.0
2025-10-01,09:43:36.000,297.1,225.0,296.65,297.55,300.0
2025-10-01,09:43:37.000,297.1,225.0,296.65,297.55,300.0
2025-10-01,09:43:38.000,297.73,150.0,297.25,298.2,525.0
2025-10-01,09:43:39.000,297.73,150.0,297.25,298.2,525.0
2025-10-01,09:43:40.000,297.58,150.0,297.15,298.0,150.0
2025-10-01,09:43:41.000,297.8,150.0,297.35,298.25,300.0
2025-10-01,09:43:42.000,297.8,150.0,297.35,298.25,300.0
2025-10-01,09:43:43.000,298.02,75.0,297.65,298.4,300.0
2025-10-01,09:43:44.000,296.95,75.0,296.5,297.4,300.0
2025-10-01,09:43:45.000,296.95,75.0,296.5,297.4,300.0
2025-10-01,09:43:46.000,297.05,75.0,296.6,297.5,300.0
2025-10-01,09:43:47.000,297.05,75.0,296.6,297.5,300.0
2025-10-01,09:43:48.000,296.08,75.0,295.7,296.45,75.0
2025-10-01,09:43:49.000,296.05,75.0,295.7,296.4,75.0
2025-10-01,09:43:50.000,296.05,75.0,295.7,296.4,75.0
2025-10-01,09:43:51.000,296.35,300.0,295.9,296.8,300.0
2025-10-01,09:43:52.000,296.35,300.0,295.9,296.8,300.0
2025-10-01,09:43:53.000,296.6,75.0,296.2,297.0,450.0
2025-10-01,09:43:54.000,296.27,375.0,295.8,296.75,300.0
2025-10-01,09:43:55.000,296.27,375.0,295.8,296.75,300.0
2025-10-01,09:43:56.000,295.42,150.0,294.9,295.95,150.0
2025-10-01,09:43:57.000,295.42,150.0,294.9,295.95,150.0
2025-10-01,09:43:58.000,294.98,225.0,294.45,295.5,300.0
2025-10-01,09:43:59.000,293.85,150.0,293.55,294.15,75.0
2025-10-01,09:44:00.000,293.85,150.0,293.55,294.15,75.0
2025-10-01,09:44:01.000,294.48,150.0,294.0,294.95,300.0
2025-10-01,09:44:02.000,294.48,150.0,294.0,294.95,300.0
2025-10-01,09:44:03.000,294.4,375.0,293.95,294.85,300.0
2025-10-01,09:44:04.000,294.23,225.0,293.8,294.65,375.0
2025-10-01,09:44:05.000,294.23,225.0,293.8,294.65,375.0
2025-10-01,09:44:06.000,293.55,150.0,293.2,293.9,75.0
2025-10-01,09:44:07.000,293.55,150.0,293.2,293.9,75.0
2025-10-01,09:44:08.000,294.02,150.0,293.55,294.5,375.0
2025-10-01,09:44:09.000,293.68,150.0,293.35,294.0,150.0
2025-10-01,09:44:10.000,293.68,150.0,293.35,294.0,150.0
2025-10-01,09:44:11.000,294.0,150.0,293.55,294.45,225.0
2025-10-01,09:44:12.000,294.0,150.0,293.55,294.45,225.0
2025-10-01,09:44:13.000,293.67,150.0,293.4,293.95,75.0
2025-10-01,09:44:14.000,293.48,225.0,293.1,293.85,150.0
2025-10-01,09:44:15.000,293.48,225.0,293.1,293.85,150.0
2025-10-01,09:44:16.000,293.27,150.0,292.9,293.65,75.0
2025-10-01,09:44:17.000,293.27,150.0,292.9,293.65,75.0
2025-10-01,09:44:18.000,292.55,150.0,292.2,292.9,75.0
2025-10-01,09:44:19.000,292.52,150.0,292.1,292.95,450.0
2025-10-01,09:44:20.000,292.52,150.0,292.1,292.95,450.0
2025-10-01,09:44:21.000,292.25,300.0,291.55,292.95,300.0
2025-10-01,09:44:22.000,292.25,300.0,291.55,292.95,300.0
2025-10-01,09:44:23.000,292.38,75.0,291.9,292.85,225.0
2025-10-01,09:44:24.000,292.4,375.0,291.85,292.95,1050.0
2025-10-01,09:44:25.000,292.4,375.0,291.85,292.95,1050.0
2025-10-01,09:44:26.000,291.6,150.0,291.3,291.9,75.0
2025-10-01,09:44:27.000,291.6,150.0,291.3,291.9,75.0
2025-10-01,09:44:28.000,290.65,150.0,290.3,291.0,300.0
2025-10-01,09:44:29.000,291.17,150.0,290.7,291.65,300.0
2025-10-01,09:44:30.000,291.17,150.0,290.7,291.65,300.0
2025-10-01,09:44:31.000,291.15,150.0,290.75,291.55,300.0
2025-10-01,09:44:32.000,291.15,150.0,290.75,291.55,300.0
2025-10-01,09:44:33.000,291.55,150.0,291.1,292.0,300.0
2025-10-01,09:44:34.000,291.82,150.0,291.45,292.2,75.0
2025-10-01,09:44:35.000,291.82,150.0,291.45,292.2,75.0
2025-10-01,09:44:36.000,291.55,75.0,291.25,291.85,450.0
2025-10-01,09:44:37.000,291.55,75.0,291.25,291.85,450.0
2025-10-01,09:44:38.000,291.9,150.0,291.65,292.15,75.0
2025-10-01,09:44:39.000,292.52,225.0,292.05,293.0,150.0
2025-10-01,09:44:40.000,292.52,225.0,292.05,293.0,150.0
2025-10-01,09:44:41.000,292.58,375.0,292.15,293.0,150.0
2025-10-01,09:44:42.000,292.58,375.0,292.15,293.0,150.0
2025-10-01,09:44:43.000,292.58,75.0,292.2,292.95,375.0
2025-10-01,09:44:44.000,292.58,75.0,292.2,292.95,375.0
2025-10-01,09:44:45.000,292.48,75.0,292.05,292.9,75.0
2025-10-01,09:44:46.000,291.45,300.0,290.95,291.95,300.0
2025-10-01,09:44:47.000,291.45,300.0,290.95,291.95,300.0
2025-10-01,09:44:48.000,290.85,525.0,290.4,291.3,75.0
2025-10-01,09:44:49.000,290.85,525.0,290.4,291.3,75.0
2025-10-01,09:44:50.000,291.17,75.0,290.65,291.7,675.0
2025-10-01,09:44:51.000,291.58,525.0,291.0,292.15,375.0
2025-10-01,09:44:52.000,291.58,525.0,291.0,292.15,375.0
2025-10-01,09:44:53.000,291.9,75.0,291.35,292.45,375.0
2025-10-01,09:44:54.000,291.9,75.0,291.35,292.45,375.0
2025-10-01,09:44:55.000,292.08,75.0,291.6,292.55,375.0
2025-10-01,09:44:56.000,292.2,150.0,291.8,292.6,375.0
2025-10-01,09:44:57.000,292.2,150.0,291.8,292.6,375.0
2025-10-01,09:44:58.000,292.23,150.0,291.85,292.6,225.0
