Date,Time,MID_PRICE,BID_SIZE,BID_PRICE,ASK_PRICE,ASK_SIZE
2025-10-01,09:15:00.000,240.5,225.0,239.05,241.95,450.0
2025-10-01,09:15:01.000,240.5,225.0,239.05,241.95,450.0
2025-10-01,09:15:02.000,240.5,225.0,239.05,241.95,450.0
2025-10-01,09:15:03.000,240.5,225.0,239.05,241.95,450.0
2025-10-01,09:15:04.000,240.5,225.0,239.05,241.95,450.0
2025-10-01,09:15:05.000,240.5,225.0,239.05,241.95,450.0
2025-10-01,09:15:06.000,240.5,225.0,239.05,241.95,450.0
2025-10-01,09:15:07.000,240.52,450.0,239.05,242.0,750.0
2025-10-01,09:15:08.000,242.5,225.0,241.05,243.95,150.0
2025-10-01,09:15:09.000,242.5,225.0,241.05,243.95,150.0
2025-10-01,09:15:10.000,243.5,225.0,242.05,244.95,150.0
2025-10-01,09:15:11.000,244.55,600.0,243.15,245.95,150.0
2025-10-01,09:15:12.000,243.6,225.0,242.25,244.95,225.0
2025-10-01,09:15:13.000,245.0,225.0,244.05,245.95,150.0
2025-10-01,09:15:14.000,246.55,675.0,245.15,247.95,225.0
2025-10-01,09:15:15.000,246.55,675.0,245.15,247.95,225.0
2025-10-01,09:15:16.000,245.0,600.0,244.05,245.95,750.0
2025-10-01,09:15:17.000,246.5,225.0,245.05,247.95,600.0
2025-10-01,09:15:18.000,247.5,225.0,246.25,248.75,525.0
2025-10-01,09:15:19.000,247.5,225.0,246.25,248.75,525.0
2025-10-01,09:15:20.000,247.2,225.0,246.45,247.95,225.0
2025-10-01,09:15:21.000,245.55,150.0,244.35,246.75,225.0
2025-10-01,09:15:22.000,245.5,150.0,244.55,246.45,225.0
2025-10-01,09:15:23.000,245.5,150.0,244.55,246.45,225.0
2025-10-01,09:15:24.000,245.38,225.0,244.6,246.15,375.0
2025-10-01,09:15:25.000,244.55,225.0,243.9,245.2,450.0
2025-10-01,09:15:26.000,245.23,450.0,244.3,246.15,450.0
2025-10-01,09:15:27.000,245.23,450.0,244.3,246.15,450.0
2025-10-01,09:15:28.000,243.82,225.0,243.0,244.65,450.0
2025-10-01,09:15:29.000,243.08,150.0,242.5,243.65,450.0
2025-10-01,09:15:30.000,242.5,150.0,241.55,243.45,375.0
2025-10-01,09:15:31.000,242.5,150.0,241.55,243.45,375.0
2025-10-01,09:15:32.000,242.75,225.0,242.05,243.45,600.0
2025-10-01,09:15:33.000,242.77,450.0,242.1,243.45,150.0
2025-10-01,09:15:34.000,242.82,1125.0,241.8,243.85,600.0
2025-10-01,09:15:35.000,242.82,1125.0,241.8,243.85,600.0
2025-10-01,09:15:36.000,243.48,225.0,243.0,243.95,150.0
2025-10-01,09:15:37.000,241.88,225.0,241.1,242.65,225.0
2025-10-01,09:15:38.000,241.72,1125.0,240.95,242.5,675.0
2025-10-01,09:15:39.000,241.72,1125.0,240.95,242.5,675.0
2025-10-01,09:15:40.000,242.4,225.0,241.85,242.95,375.0
2025-10-01,09:15:41.000,242.42,225.0,241.85,243.0,375.0
2025-10-01,09:15:42.000,242.42,225.0,241.85,243.0,375.0
2025-10-01,09:15:43.000,241.42,900.0,240.7,242.15,375.0
2025-10-01,09:15:44.000,240.1,900.0,239.25,240.95,150.0
2025-10-01,09:15:45.000,240.85,150.0,240.4,241.3,375.0
2025-10-01,09:15:46.000,240.85,150.0,240.4,241.3,375.0
2025-10-01,09:15:47.000,240.55,225.0,240.0,241.1,1050.0
2025-10-01,09:15:48.000,240.75,150.0,240.35,241.15,600.0
2025-10-01,09:15:49.000,239.78,675.0,239.15,240.4,375.0
2025-10-01,09:15:50.000,239.78,675.0,239.15,240.4,375.0
2025-10-01,09:15:51.000,239.68,75.0,239.2,240.15,375.0
2025-10-01,09:15:52.000,240.02,150.0,239.55,240.5,450.0
2025-10-01,09:15:53.000,238.98,675.0,238.3,239.65,600.0
2025-10-01,09:15:54.000,238.98,675.0,238.3,239.65,600.0
2025-10-01,09:15:55.000,239.08,600.0,238.5,239.65,450.0
2025-10-01,09:15:56.000,237.98,225.0,237.35,238.6,375.0
2025-10-01,09:15:57.000,238.27,450.0,237.6,238.95,150.0
2025-10-01,09:15:58.000,238.65,900.0,237.85,239.45,225.0
2025-10-01,09:15:59.000,238.65,900.0,237.85,239.45,225.0
2025-10-01,09:16:00.000,237.42,900.0,236.6,238.25,225.0
2025-10-01,09:16:01.000,237.05,450.0,236.3,237.8,900.0
2025-10-01,09:16:02.000,236.65,225.0,236.3,237.0,375.0
2025-10-01,09:16:03.000,236.65,225.0,236.3,237.0,375.0
2025-10-01,09:16:04.000,235.65,225.0,234.95,236.35,150.0
2025-10-01,09:16:05.000,236.95,225.0,236.3,237.6,225.0
2025-10-01,09:16:06.000,237.98,375.0,237.0,238.95,375.0
2025-10-01,09:16:07.000,237.98,375.0,237.0,238.95,375.0
2025-10-01,09:16:08.000,238.9,300.0,238.4,239.4,150.0
2025-10-01,09:16:09.000,238.62,600.0,238.0,239.25,150.0
2025-10-01,09:16:10.000,238.18,150.0,237.55,238.8,375.0
2025-10-01,09:16:11.000,238.18,150.0,237.55,238.8,375.0
2025-10-01,09:16:12.000,238.88,825.0,238.3,239.45,375.0
2025-10-01,09:16:13.000,237.9,375.0,237.4,238.4,225.0
2025-10-01,09:16:14.000,238.85,750.0,238.25,239.45,375.0
2025-10-01,09:16:15.000,238.85,750.0,238.25,239.45,375.0
2025-10-01,09:16:16.000,238.9,150.0,237.95,239.85,375.0
2025-10-01,09:16:17.000,237.12,450.0,236.5,237.75,150.0
2025-10-01,09:16:18.000,236.38,525.0,235.8,236.95,150.0
2025-10-01,09:16:19.000,236.38,525.0,235.8,236.95,150.0
2025-10-01,09:16:20.000,236.18,300.0,235.6,236.75,450.0
2025-10-01,09:16:21.000,236.4,225.0,235.8,237.0,150.0
2025-10-01,09:16:22.000,237.15,450.0,236.6,237.7,225.0
2025-10-01,09:16:23.000,237.15,450.0,236.6,237.7,225.0
2025-10-01,09:16:24.000,236.88,300.0,236.35,237.4,150.0
2025-10-01,09:16:25.000,236.52,225.0,236.0,237.05,150.0
2025-10-01,09:16:26.000,236.58,300.0,235.95,237.2,150.0
2025-10-01,09:16:27.000,237.4,150.0,236.85,237.95,150.0
2025-10-01,09:16:28.000,237.45,150.0,236.95,237.95,150.0
2025-10-01,09:16:29.000,237.45,150.0,236.95,237.95,150.0
2025-10-01,09:16:30.000,236.3,75.0,236.1,236.5,75.0
2025-10-01,09:16:31.000,236.3,150.0,236.1,236.5,75.0
2025-10-01,09:16:32.000,237.32,450.0,236.85,237.8,1800.0
2025-10-01,09:16:33.000,237.1,375.0,236.7,237.5,225.0
2025-10-01,09:16:34.000,237.1,375.0,236.7,237.5,225.0
2025-10-01,09:16:35.000,235.95,150.0,235.4,236.5,225.0
2025-10-01,09:16:36.000,235.82,225.0,235.55,236.1,150.0
2025-10-01,09:16:37.000,234.75,225.0,234.6,234.9,150.0
2025-10-01,09:16:38.000,234.75,225.0,234.6,234.9,150.0
2025-10-01,09:16:39.000,234.28,300.0,233.8,234.75,900.0
2025-10-01,09:16:40.000,234.42,150.0,233.75,235.1,225.0
2025-10-01,09:16:41.000,233.7,300.0,233.5,233.9,75.0
2025-10-01,09:16:42.000,233.7,300.0,233.5,233.9,75.0
2025-10-01,09:16:43.000,233.1,525.0,232.6,233.6,225.0
2025-10-01,09:16:44.000,234.1,150.0,233.6,234.6,1800.0
2025-10-01,09:16:45.000,234.15,525.0,233.65,234.65,900.0
2025-10-01,09:16:46.000,234.15,525.0,233.65,234.65,900.0
2025-10-01,09:16:47.000,235.2,225.0,234.55,235.85,450.0
2025-10-01,09:16:48.000,233.65,75.0,233.3,234.0,225.0
2025-10-01,09:16:49.000,234.92,375.0,234.5,235.35,900.0
2025-10-01,09:16:50.000,234.92,375.0,234.5,235.35,900.0
2025-10-01,09:16:51.000,234.6,150.0,234.1,235.1,375.0
2025-10-01,09:16:52.000,235.27,750.0,234.85,235.7,900.0
2025-10-01,09:16:53.000,234.6,150.0,234.25,234.95,150.0
2025-10-01,09:16:54.000,234.6,150.0,234.25,234.95,150.0
2025-10-01,09:16:55.000,234.52,450.0,234.05,235.0,900.0
2025-10-01,09:16:56.000,234.52,375.0,234.1,234.95,900.0
2025-10-01,09:16:57.000,234.25,225.0,233.8,234.7,150.0
2025-10-01,09:16:58.000,234.05,225.0,233.6,234.5,900.0
2025-10-01,09:16:59.000,234.05,225.0,233.6,234.5,900.0
2025-10-01,09:17:00.000,234.28,450.0,233.75,234.8,900.0
2025-10-01,09:17:01.000,234.1,150.0,233.7,234.5,900.0
2025-10-01,09:17:02.000,233.52,225.0,233.05,234.0,900.0
2025-10-01,09:17:03.000,233.52,225.0,233.05,234.0,900.0
2025-10-01,09:17:04.000,233.28,225.0,232.9,233.65,900.0
2025-10-01,09:17:05.000,233.65,450.0,233.15,234.15,900.0
2025-10-01,09:17:06.000,232.95,600.0,232.5,233.4,900.0
2025-10-01,09:17:07.000,232.95,600.0,232.5,233.4,900.0
2025-10-01,09:17:08.000,232.9,375.0,232.4,233.4,900.0
2025-10-01,09:17:09.000,232.78,225.0,232.25,233.3,975.0
2025-10-01,09:17:10.000,232.42,75.0,232.2,232.65,975.0
2025-10-01,09:17:11.000,232.42,75.0,232.2,232.65,975.0
2025-10-01,09:17:12.000,232.92,150.0,232.55,233.3,900.0
2025-10-01,09:17:13.000,233.22,225.0,232.85,233.6,900.0
2025-10-01,09:17:14.000,233.58,225.0,233.1,234.05,900.0
2025-10-01,09:17:15.000,233.58,225.0,233.1,234.05,900.0
2025-10-01,09:17:16.000,233.85,75.0,233.6,234.1,900.0
2025-10-01,09:17:17.000,234.2,150.0,233.85,234.55,900.0
2025-10-01,09:17:18.000,235.5,375.0,235.05,235.95,900.0
2025-10-01,09:17:19.000,235.5,375.0,235.05,235.95,900.0
2025-10-01,09:17:20.000,234.7,225.0,234.15,235.25,900.0
2025-10-01,09:17:21.000,235.48,150.0,235.15,235.8,975.0
2025-10-01,09:17:22.000,234.48,450.0,234.05,234.9,900.0
2025-10-01,09:17:23.000,234.48,450.0,234.05,234.9,900.0
2025-10-01,09:17:24.000,236.52,750.0,236.05,237.0,900.0
2025-10-01,09:17:25.000,237.85,225.0,237.55,238.15,975.0
2025-10-01,09:17:26.000,237.15,975.0,236.55,237.75,75.0
2025-10-01,09:17:27.000,237.15,975.0,236.55,237.75,75.0
2025-10-01,09:17:28.000,238.25,150.0,237.85,238.65,150.0
2025-10-01,09:17:29.000,238.45,150.0,238.0,238.9,900.0
2025-10-01,09:17:30.000,238.9,300.0,238.45,239.35,75.0
2025-10-01,09:17:31.000,238.9,300.0,238.45,239.35,75.0
2025-10-01,09:17:32.000,239.45,2100.0,239.0,239.9,75.0
2025-10-01,09:17:33.000,238.98,225.0,238.55,239.4,900.0
2025-10-01,09:17:34.000,238.98,225.0,238.55,239.4,900.0
2025-10-01,09:17:35.000,238.68,150.0,238.3,239.05,900.0
2025-10-01,09:17:36.000,238.4,150.0,238.2,238.6,75.0
2025-10-01,09:17:37.000,238.77,75.0,238.35,239.2,225.0
2025-10-01,09:17:38.000,238.77,75.0,238.35,239.2,225.0
2025-10-01,09:17:39.000,240.08,75.0,239.7,240.45,150.0
2025-10-01,09:17:40.000,240.15,75.0,239.8,240.5,75.0
2025-10-01,09:17:41.000,240.48,2100.0,240.05,240.9,75.0
2025-10-01,09:17:42.000,240.48,2100.0,240.05,240.9,75.0
2025-10-01,09:17:43.000,240.05,375.0,239.55,240.55,900.0
2025-10-01,09:17:44.000,240.35,150.0,239.9,240.8,900.0
2025-10-01,09:17:45.000,239.9,150.0,239.35,240.45,900.0
2025-10-01,09:17:46.000,239.35,225.0,238.8,239.9,975.0
2025-10-01,09:17:47.000,239.35,225.0,238.8,239.9,975.0
2025-10-01,09:17:48.000,238.32,225.0,237.85,238.8,975.0
2025-10-01,09:17:49.000,238.15,300.0,237.65,238.65,975.0
2025-10-01,09:17:50.000,237.68,150.0,237.3,238.05,900.0
2025-10-01,09:17:51.000,237.68,150.0,237.3,238.05,900.0
2025-10-01,09:17:52.000,238.95,150.0,238.6,239.3,900.0
2025-10-01,09:17:53.000,240.1,300.0,239.6,240.6,375.0
2025-10-01,09:17:54.000,240.25,150.0,239.75,240.75,900.0
2025-10-01,09:17:55.000,240.25,150.0,239.75,240.75,900.0
2025-10-01,09:17:56.000,240.52,225.0,240.1,240.95,900.0
2025-10-01,09:17:57.000,240.6,375.0,240.2,241.0,900.0
2025-10-01,09:17:58.000,241.15,225.0,240.6,241.7,900.0
2025-10-01,09:17:59.000,241.15,225.0,240.6,241.7,900.0
2025-10-01,09:18:00.000,241.88,225.0,241.4,242.35,900.0
2025-10-01,09:18:01.000,242.75,225.0,242.35,243.15,150.0
2025-10-01,09:18:02.000,242.15,225.0,241.7,242.6,150.0
2025-10-01,09:18:03.000,242.15,225.0,241.7,242.6,150.0
2025-10-01,09:18:04.000,240.05,75.0,239.5,240.6,150.0
2025-10-01,09:18:05.000,240.4,150.0,239.8,241.0,300.0
2025-10-01,09:18:06.000,240.4,150.0,239.8,241.0,300.0
2025-10-01,09:18:07.000,240.7,225.0,240.3,241.1,300.0
2025-10-01,09:18:08.000,240.32,150.0,239.85,240.8,150.0
2025-10-01,09:18:09.000,240.4,150.0,239.9,240.9,450.0
2025-10-01,09:18:10.000,240.4,150.0,239.9,240.9,450.0
2025-10-01,09:18:11.000,239.78,150.0,239.4,240.15,150.0
2025-10-01,09:18:12.000,240.52,225.0,240.05,241.0,375.0
2025-10-01,09:18:13.000,240.58,75.0,240.2,240.95,150.0
2025-10-01,09:18:14.000,240.4,150.0,239.95,240.85,150.0
2025-10-01,09:18:15.000,240.4,150.0,239.95,240.85,150.0
2025-10-01,09:18:16.000,241.0,375.0,240.45,241.55,75.0
2025-10-01,09:18:17.000,240.9,225.0,240.5,241.3,150.0
2025-10-01,09:18:18.000,241.12,150.0,240.7,241.55,300.0
2025-10-01,09:18:19.000,241.12,150.0,240.7,241.55,300.0
2025-10-01,09:18:20.000,241.08,225.0,240.6,241.55,75.0
2025-10-01,09:18:21.000,239.73,225.0,239.3,240.15,150.0
2025-10-01,09:18:22.000,239.58,75.0,239.25,239.9,150.0
2025-10-01,09:18:23.000,239.58,75.0,239.25,239.9,150.0
2025-10-01,09:18:24.000,239.3,375.0,239.0,239.6,150.0
2025-10-01,09:18:25.000,239.5,225.0,239.05,239.95,150.0
2025-10-01,09:18:26.000,240.18,225.0,239.8,240.55,150.0
2025-10-01,09:18:27.000,240.18,225.0,239.8,240.55,150.0
2025-10-01,09:18:28.000,239.2,300.0,238.8,239.6,150.0
2025-10-01,09:18:29.000,239.25,225.0,238.9,239.6,150.0
2025-10-01,09:18:30.000,238.72,75.0,238.5,238.95,225.0
2025-10-01,09:18:31.000,238.72,75.0,238.5,238.95,225.0
2025-10-01,09:18:32.000,238.75,75.0,238.5,239.0,150.0
2025-10-01,09:18:33.000,237.62,225.0,237.15,238.1,150.0
2025-10-01,09:18:34.000,238.08,225.0,237.65,238.5,150.0
2025-10-01,09:18:35.000,238.08,225.0,237.65,238.5,150.0
2025-10-01,09:18:36.000,238.65,225.0,238.35,238.95,150.0
2025-10-01,09:18:37.000,238.5,150.0,238.25,238.75,150.0
2025-10-01,09:18:38.000,239.4,150.0,239.05,239.75,150.0
2025-10-01,09:18:39.000,239.4,150.0,239.05,239.75,150.0
2025-10-01,09:18:40.000,238.6,75.0,238.3,238.9,150.0
2025-10-01,09:18:41.000,239.32,150.0,239.0,239.65,150.0
2025-10-01,09:18:42.000,239.5,150.0,239.25,239.75,150.0
2025-10-01,09:18:43.000,239.5,150.0,239.25,239.75,150.0
2025-10-01,09:18:44.000,239.75,75.0,239.5,240.0,150.0
2025-10-01,09:18:45.000,239.75,75.0,239.5,240.0,150.0
2025-10-01,09:18:46.000,239.48,150.0,239.15,239.8,150.0
2025-10-01,09:18:47.000,238.55,225.0,238.25,238.85,150.0
2025-10-01,09:18:48.000,238.55,225.0,238.25,238.85,150.0
2025-10-01,09:18:49.000,238.82,150.0,238.5,239.15,150.0
2025-10-01,09:18:50.000,238.45,300.0,238.1,238.8,150.0
2025-10-01,09:18:51.000,238.45,300.0,238.1,238.8,150.0
2025-10-01,09:18:52.000,238.72,300.0,238.35,239.1,150.0
2025-10-01,09:18:53.000,238.72,300.0,238.35,239.1,150.0
2025-10-01,09:18:54.000,237.8,225.0,237.5,238.1,150.0
2025-10-01,09:18:55.000,237.58,225.0,237.2,237.95,150.0
2025-10-01,09:18:56.000,237.58,225.0,237.2,237.95,150.0
2025-10-01,09:18:57.000,238.1,75.0,237.75,238.45,150.0
2025-10-01,09:18:58.000,238.1,75.0,237.75,238.45,150.0
2025-10-01,09:18:59.000,236.55,150.0,236.1,237.0,150.0
2025-10-01,09:19:00.000,236.88,225.0,236.45,237.3,150.0
2025-10-01,09:19:01.000,236.88,225.0,236.45,237.3,150.0
2025-10-01,09:19:02.000,236.15,225.0,235.7,236.6,150.0
2025-10-01,09:19:03.000,236.75,150.0,236.5,237.0,150.0
2025-10-01,09:19:04.000,236.75,150.0,236.5,237.0,150.0
2025-10-01,09:19:05.000,236.08,150.0,235.75,236.4,150.0
2025-10-01,09:19:06.000,236.08,150.0,235.75,236.4,150.0
2025-10-01,09:19:07.000,236.38,375.0,236.0,236.75,150.0
2025-10-01,09:19:08.000,236.42,375.0,236.05,236.8,150.0
2025-10-01,09:19:09.000,236.42,375.0,236.05,236.8,150.0
2025-10-01,09:19:10.000,236.4,75.0,235.9,236.9,150.0
2025-10-01,09:19:11.000,236.4,75.0,235.9,236.9,150.0
2025-10-01,09:19:12.000,235.75,225.0,235.45,236.05,150.0
2025-10-01,09:19:13.000,235.92,75.0,235.7,236.15,150.0
2025-10-01,09:19:14.000,235.92,75.0,235.7,236.15,150.0
2025-10-01,09:19:15.000,235.6,150.0,235.2,236.0,150.0
2025-10-01,09:19:16.000,235.6,150.0,235.2,236.0,150.0
2025-10-01,09:19:17.000,236.3,75.0,235.9,236.7,150.0
2025-10-01,09:19:18.000,235.28,75.0,234.55,236.0,150.0
2025-10-01,09:19:19.000,235.28,75.0,234.55,236.0,150.0
2025-10-01,09:19:20.000,235.0,150.0,234.6,235.4,150.0
2025-10-01,09:19:21.000,235.0,150.0,234.6,235.4,150.0
2025-10-01,09:19:22.000,234.25,150.0,233.85,234.65,150.0
2025-10-01,09:19:23.000,234.12,150.0,233.25,235.0,375.0
2025-10-01,09:19:24.000,234.12,150.0,233.25,235.0,375.0
2025-10-01,09:19:25.000,235.02,225.0,234.65,235.4,150.0
2025-10-01,09:19:26.000,235.02,225.0,234.65,235.4,150.0
2025-10-01,09:19:27.000,235.95,525.0,235.3,236.6,150.0
2025-10-01,09:19:28.000,236.6,75.0,236.3,236.9,150.0
2025-10-01,09:19:29.000,236.6,75.0,236.3,236.9,150.0
2025-10-01,09:19:30.000,236.92,600.0,236.4,237.45,150.0
2025-10-01,09:19:31.000,237.32,150.0,236.95,237.7,150.0
2025-10-01,09:19:32.000,237.32,150.0,236.95,237.7,150.0
2025-10-01,09:19:33.000,236.92,300.0,236.45,237.4,150.0
2025-10-01,09:19:34.000,236.92,300.0,236.45,237.4,150.0
2025-10-01,09:19:35.000,237.45,75.0,237.2,237.7,150.0
2025-10-01,09:19:36.000,237.27,225.0,236.85,237.7,150.0
2025-10-01,09:19:37.000,237.27,225.0,236.85,237.7,150.0
2025-10-01,09:19:38.000,237.12,300.0,236.7,237.55,150.0
2025-10-01,09:19:39.000,237.12,300.0,236.7,237.55,150.0
2025-10-01,09:19:40.000,237.1,225.0,236.75,237.45,150.0
2025-10-01,09:19:41.000,237.65,225.0,237.3,238.0,225.0
2025-10-01,09:19:42.000,237.65,225.0,237.3,238.0,225.0
2025-10-01,09:19:43.000,238.02,450.0,237.6,238.45,150.0
2025-10-01,09:19:44.000,238.2,150.0,237.8,238.6,150.0
2025-10-01,09:19:45.000,238.2,150.0,237.8,238.6,150.0
2025-10-01,09:19:46.000,237.55,225.0,237.1,238.0,375.0
2025-10-01,09:19:47.000,237.55,225.0,237.1,238.0,375.0
2025-10-01,09:19:48.000,237.7,225.0,237.3,238.1,150.0
2025-10-01,09:19:49.000,237.12,150.0,236.65,237.6,150.0
2025-10-01,09:19:50.000,237.12,150.0,236.65,237.6,150.0
2025-10-01,09:19:51.000,235.5,225.0,235.05,235.95,225.0
2025-10-01,09:19:52.000,235.5,225.0,235.05,235.95,225.0
2025-10-01,09:19:53.000,235.55,150.0,235.1,236.0,375.0
2025-10-01,09:19:54.000,235.92,375.0,235.45,236.4,150.0
2025-10-01,09:19:55.000,235.92,375.0,235.45,236.4,150.0
2025-10-01,09:19:56.000,234.8,225.0,234.3,235.3,150.0
2025-10-01,09:19:57.000,234.8,225.0,234.3,235.3,150.0
2025-10-01,09:19:58.000,234.65,150.0,234.35,234.95,225.0
2025-10-01,09:19:59.000,233.38,225.0,232.75,234.0,525.0
2025-10-01,09:20:00.000,233.38,225.0,232.75,234.0,525.0
2025-10-01,09:20:01.000,232.88,225.0,232.45,233.3,150.0
2025-10-01,09:20:02.000,233.18,150.0,232.75,233.6,150.0
2025-10-01,09:20:03.000,233.18,150.0,232.75,233.6,150.0
2025-10-01,09:20:04.000,232.3,225.0,231.6,233.0,225.0
2025-10-01,09:20:05.000,232.3,225.0,231.6,233.0,225.0
2025-10-01,09:20:06.000,233.68,600.0,233.15,234.2,150.0
2025-10-01,09:20:07.000,232.65,225.0,232.3,233.0,225.0
2025-10-01,09:20:08.000,232.65,225.0,232.3,233.0,225.0
2025-10-01,09:20:09.000,232.9,225.0,232.5,233.3,150.0
2025-10-01,09:20:10.000,232.9,225.0,232.5,233.3,150.0
2025-10-01,09:20:11.000,231.65,225.0,231.3,232.0,225.0
2025-10-01,09:20:12.000,231.48,150.0,231.0,231.95,225.0
2025-10-01,09:20:13.000,231.48,150.0,231.0,231.95,225.0
2025-10-01,09:20:14.000,231.77,150.0,231.35,232.2,150.0
2025-10-01,09:20:15.000,231.77,150.0,231.35,232.2,150.0
2025-10-01,09:20:16.000,230.82,150.0,230.35,231.3,225.0
2025-10-01,09:20:17.000,231.12,300.0,230.6,231.65,150.0
2025-10-01,09:20:18.000,231.12,300.0,230.6,231.65,150.0
2025-10-01,09:20:19.000,230.77,225.0,230.35,231.2,150.0
2025-10-01,09:20:20.000,230.77,225.0,230.35,231.2,150.0
2025-10-01,09:20:21.000,230.18,375.0,229.45,230.9,150.0
2025-10-01,09:20:22.000,230.98,225.0,230.35,231.6,150.0
2025-10-01,09:20:23.000,230.98,225.0,230.35,231.6,150.0
2025-10-01,09:20:24.000,230.82,300.0,230.3,231.35,150.0
2025-10-01,09:20:25.000,230.82,300.0,230.3,231.35,150.0
2025-10-01,09:20:26.000,230.4,225.0,229.9,230.9,150.0
2025-10-01,09:20:27.000,230.42,225.0,229.95,230.9,150.0
2025-10-01,09:20:28.000,230.42,225.0,229.95,230.9,150.0
2025-10-01,09:20:29.000,230.72,75.0,230.45,231.0,225.0
2025-10-01,09:20:30.000,230.9,225.0,230.4,231.4,225.0
2025-10-01,09:20:31.000,230.9,225.0,230.4,231.4,225.0
2025-10-01,09:20:32.000,231.62,225.0,231.2,232.05,150.0
2025-10-01,09:20:33.000,231.62,225.0,231.2,232.05,150.0
2025-10-01,09:20:34.000,231.88,225.0,231.4,232.35,150.0
2025-10-01,09:20:35.000,231.95,150.0,231.6,232.3,150.0
2025-10-01,09:20:36.000,231.95,150.0,231.6,232.3,150.0
2025-10-01,09:20:37.000,231.5,150.0,231.15,231.85,150.0
2025-10-01,09:20:38.000,231.5,150.0,231.15,231.85,150.0
2025-10-01,09:20:39.000,230.88,225.0,230.35,231.4,150.0
2025-10-01,09:20:40.000,231.8,225.0,231.3,232.3,150.0
2025-10-01,09:20:41.000,231.8,225.0,231.3,232.3,150.0
2025-10-01,09:20:42.000,232.6,225.0,232.2,233.0,225.0
2025-10-01,09:20:43.000,232.6,225.0,232.2,233.0,225.0
2025-10-01,09:20:44.000,232.68,525.0,232.1,233.25,150.0
2025-10-01,09:20:45.000,232.48,150.0,232.1,232.85,150.0
2025-10-01,09:20:46.000,232.48,150.0,232.1,232.85,150.0
2025-10-01,09:20:47.000,231.88,225.0,231.5,232.25,150.0
2025-10-01,09:20:48.000,231.88,225.0,231.5,232.25,150.0
2025-10-01,09:20:49.000,233.0,150.0,232.65,233.35,150.0
2025-10-01,09:20:50.000,233.0,150.0,232.6,233.4,150.0
2025-10-01,09:20:51.000,233.0,150.0,232.6,233.4,150.0
2025-10-01,09:20:52.000,232.78,75.0,232.55,233.0,225.0
2025-10-01,09:20:53.000,232.78,75.0,232.55,233.0,225.0
2025-10-01,09:20:54.000,234.2,150.0,233.7,234.7,150.0
2025-10-01,09:20:55.000,235.2,75.0,234.5,235.9,300.0
2025-10-01,09:20:56.000,235.2,75.0,234.5,235.9,300.0
2025-10-01,09:20:57.000,235.95,225.0,235.6,236.3,150.0
2025-10-01,09:20:58.000,235.95,225.0,235.6,236.3,150.0
2025-10-01,09:20:59.000,235.92,75.0,235.5,236.35,150.0
2025-10-01,09:21:00.000,235.68,75.0,235.45,235.9,150.0
2025-10-01,09:21:01.000,235.68,75.0,235.45,235.9,150.0
2025-10-01,09:21:02.000,234.78,225.0,234.4,235.15,150.0
2025-10-01,09:21:03.000,234.78,225.0,234.4,235.15,150.0
2025-10-01,09:21:04.000,234.22,150.0,233.6,234.85,450.0
2025-10-01,09:21:05.000,234.23,225.0,233.8,234.65,150.0
2025-10-01,09:21:06.000,234.23,225.0,233.8,234.65,150.0
2025-10-01,09:21:07.000,235.0,75.0,234.7,235.3,150.0
2025-10-01,09:21:08.000,235.0,75.0,234.7,235.3,150.0
2025-10-01,09:21:09.000,235.05,225.0,234.65,235.45,150.0
2025-10-01,09:21:10.000,235.48,150.0,235.1,235.85,150.0
2025-10-01,09:21:11.000,235.48,150.0,235.1,235.85,150.0
2025-10-01,09:21:12.000,235.15,225.0,234.7,235.6,150.0
2025-10-01,09:21:13.000,235.15,225.0,234.7,235.6,150.0
2025-10-01,09:21:14.000,235.35,150.0,234.9,235.8,150.0
2025-10-01,09:21:15.000,236.0,225.0,235.55,236.45,150.0
2025-10-01,09:21:16.000,236.0,225.0,235.55,236.45,150.0
2025-10-01,09:21:17.000,237.58,150.0,237.2,237.95,150.0
2025-10-01,09:21:18.000,237.58,150.0,237.2,237.95,150.0
2025-10-01,09:21:19.000,237.28,150.0,236.55,238.0,225.0
2025-10-01,09:21:20.000,237.28,150.0,236.55,238.0,225.0
2025-10-01,09:21:21.000,236.18,75.0,235.75,236.6,150.0
2025-10-01,09:21:22.000,234.98,300.0,234.55,235.4,150.0
2025-10-01,09:21:23.000,234.98,300.0,234.55,235.4,150.0
2025-10-01,09:21:24.000,234.6,225.0,234.15,235.05,75.0
2025-10-01,09:21:25.000,234.6,225.0,234.15,235.05,75.0
2025-10-01,09:21:26.000,234.05,225.0,233.7,234.4,75.0
2025-10-01,09:21:27.000,233.2,225.0,232.65,233.75,750.0
2025-10-01,09:21:28.000,233.2,225.0,232.65,233.75,750.0
2025-10-01,09:21:29.000,233.05,225.0,232.5,233.6,75.0
2025-10-01,09:21:30.000,233.05,225.0,232.5,233.6,75.0
2025-10-01,09:21:31.000,233.2,300.0,232.8,233.6,150.0
2025-10-01,09:21:32.000,233.88,150.0,233.6,234.15,150.0
2025-10-01,09:21:33.000,233.88,150.0,233.6,234.15,150.0
2025-10-01,09:21:34.000,234.4,225.0,233.8,235.0,225.0
2025-10-01,09:21:35.000,234.4,225.0,233.8,235.0,225.0
2025-10-01,09:21:36.000,234.27,375.0,233.85,234.7,150.0
2025-10-01,09:21:37.000,234.4,225.0,233.9,234.9,150.0
2025-10-01,09:21:38.000,234.4,225.0,233.9,234.9,150.0
2025-10-01,09:21:39.000,235.48,150.0,235.05,235.9,150.0
2025-10-01,09:21:40.000,235.48,150.0,235.05,235.9,150.0
2025-10-01,09:21:41.000,234.95,675.0,234.3,235.6,150.0
2025-10-01,09:21:42.000,234.98,150.0,234.55,235.4,225.0
2025-10-01,09:21:43.000,234.98,150.0,234.55,235.4,225.0
2025-10-01,09:21:44.000,235.1,225.0,234.65,235.55,75.0
2025-10-01,09:21:45.000,234.78,525.0,234.3,235.25,225.0
2025-10-01,09:21:46.000,234.78,525.0,234.3,235.25,225.0
2025-10-01,09:21:47.000,234.95,150.0,234.5,235.4,75.0
2025-10-01,09:21:48.000,234.95,150.0,234.5,235.4,75.0
2025-10-01,09:21:49.000,235.35,150.0,234.95,235.75,525.0
2025-10-01,09:21:50.000,235.72,75.0,235.35,236.1,150.0
2025-10-01,09:21:51.000,235.72,75.0,235.35,236.1,150.0
2025-10-01,09:21:52.000,235.4,75.0,234.95,235.85,150.0
2025-10-01,09:21:53.000,235.4,75.0,234.95,235.85,150.0
2025-10-01,09:21:54.000,234.85,150.0,234.45,235.25,150.0
2025-10-01,09:21:55.000,235.32,150.0,234.9,235.75,150.0
2025-10-01,09:21:56.000,235.32,150.0,234.9,235.75,150.0
2025-10-01,09:21:57.000,235.75,225.0,235.25,236.25,150.0
2025-10-01,09:21:58.000,235.75,225.0,235.25,236.25,150.0
2025-10-01,09:21:59.000,236.45,150.0,236.1,236.8,150.0
2025-10-01,09:22:00.000,237.42,300.0,236.85,238.0,300.0
2025-10-01,09:22:01.000,237.42,300.0,236.85,238.0,300.0
2025-10-01,09:22:02.000,237.4,225.0,237.0,237.8,150.0
2025-10-01,09:22:03.000,237.4,225.0,237.0,237.8,150.0
2025-10-01,09:22:04.000,237.55,225.0,237.15,237.95,300.0
2025-10-01,09:22:05.000,238.05,525.0,237.75,238.35,150.0
2025-10-01,09:22:06.000,238.05,525.0,237.75,238.35,150.0
2025-10-01,09:22:07.000,237.92,225.0,237.5,238.35,150.0
2025-10-01,09:22:08.000,237.92,225.0,237.5,238.35,150.0
2025-10-01,09:22:09.000,237.65,150.0,237.2,238.1,150.0
2025-10-01,09:22:10.000,236.7,525.0,236.5,236.9,75.0
2025-10-01,09:22:11.000,236.7,525.0,236.5,236.9,75.0
2025-10-01,09:22:12.000,237.18,225.0,236.7,237.65,225.0
2025-10-01,09:22:13.000,237.18,225.0,236.7,237.65,225.0
2025-10-01,09:22:14.000,237.88,225.0,237.4,238.35,225.0
2025-10-01,09:22:15.000,237.68,150.0,237.2,238.15,225.0
2025-10-01,09:22:16.000,237.68,150.0,237.2,238.15,225.0
2025-10-01,09:22:17.000,237.78,225.0,237.3,238.25,225.0
2025-10-01,09:22:18.000,237.78,225.0,237.3,238.25,225.0
2025-10-01,09:22:19.000,238.1,150.0,237.55,238.65,300.0
2025-10-01,09:22:20.000,238.05,225.0,237.55,238.55,150.0
2025-10-01,09:22:21.000,238.05,225.0,237.55,238.55,150.0
2025-10-01,09:22:22.000,237.9,225.0,237.4,238.4,150.0
2025-10-01,09:22:23.000,237.9,225.0,237.4,238.4,150.0
2025-10-01,09:22:24.000,237.98,225.0,237.55,238.4,225.0
2025-10-01,09:22:25.000,238.22,225.0,237.75,238.7,150.0
2025-10-01,09:22:26.000,238.22,225.0,237.75,238.7,150.0
2025-10-01,09:22:27.000,237.9,225.0,237.45,238.35,225.0
2025-10-01,09:22:28.000,237.9,225.0,237.45,238.35,225.0
2025-10-01,09:22:29.000,237.88,150.0,237.4,238.35,150.0
2025-10-01,09:22:30.000,237.15,225.0,236.7,237.6,225.0
2025-10-01,09:22:31.000,237.15,225.0,236.7,237.6,225.0
2025-10-01,09:22:32.000,237.38,150.0,236.8,237.95,225.0
2025-10-01,09:22:33.000,237.15,225.0,236.75,237.55,225.0
2025-10-01,09:22:34.000,237.15,225.0,236.75,237.55,225.0
2025-10-01,09:22:35.000,236.85,150.0,236.3,237.4,225.0
2025-10-01,09:22:36.000,236.85,150.0,236.3,237.4,225.0
2025-10-01,09:22:37.000,236.68,225.0,236.15,237.2,150.0
2025-10-01,09:22:38.000,236.4,300.0,235.95,236.85,150.0
2025-10-01,09:22:39.000,236.4,300.0,235.95,236.85,150.0
2025-10-01,09:22:40.000,236.62,525.0,236.2,237.05,150.0
2025-10-01,09:22:41.000,236.62,525.0,236.2,237.05,150.0
2025-10-01,09:22:42.000,236.88,150.0,236.45,237.3,150.0
2025-10-01,09:22:43.000,236.75,225.0,236.35,237.15,150.0
2025-10-01,09:22:44.000,236.75,225.0,236.35,237.15,150.0
2025-10-01,09:22:45.000,237.52,300.0,237.1,237.95,150.0
2025-10-01,09:22:46.000,237.45,75.0,237.05,237.85,150.0
2025-10-01,09:22:47.000,237.45,75.0,237.05,237.85,150.0
2025-10-01,09:22:48.000,237.38,375.0,236.95,237.8,150.0
2025-10-01,09:22:49.000,237.38,375.0,236.95,237.8,150.0
2025-10-01,09:22:50.000,237.32,225.0,236.9,237.75,150.0
2025-10-01,09:22:51.000,237.12,375.0,236.7,237.55,75.0
2025-10-01,09:22:52.000,237.12,375.0,236.7,237.55,75.0
2025-10-01,09:22:53.000,237.08,375.0,236.6,237.55,75.0
2025-10-01,09:22:54.000,237.08,375.0,236.6,237.55,75.0
2025-10-01,09:22:55.000,236.25,150.0,235.65,236.85,225.0
2025-10-01,09:22:56.000,235.9,225.0,235.45,236.35,150.0
2025-10-01,09:22:57.000,235.9,225.0,235.45,236.35,150.0
2025-10-01,09:22:58.000,234.95,225.0,234.5,235.4,150.0
2025-10-01,09:22:59.000,234.95,225.0,234.5,235.4,150.0
2025-10-01,09:23:00.000,235.92,150.0,235.5,236.35,150.0
2025-10-01,09:23:01.000,235.6,225.0,235.05,236.15,75.0
2025-10-01,09:23:02.000,235.6,225.0,235.05,236.15,75.0
2025-10-01,09:23:03.000,235.32,150.0,234.9,235.75,150.0
2025-10-01,09:23:04.000,235.32,150.0,234.9,235.75,150.0
2025-10-01,09:23:05.000,235.12,375.0,234.7,235.55,150.0
2025-10-01,09:23:06.000,235.23,375.0,234.8,235.65,150.0
2025-10-01,09:23:07.000,235.23,375.0,234.8,235.65,150.0
2025-10-01,09:23:08.000,235.58,225.0,235.15,236.0,150.0
2025-10-01,09:23:09.000,235.58,225.0,235.15,236.0,150.0
2025-10-01,09:23:10.000,234.88,150.0,233.75,236.0,150.0
2025-10-01,09:23:11.000,235.2,150.0,234.8,235.6,150.0
2025-10-01,09:23:12.000,235.2,150.0,234.8,235.6,150.0
2025-10-01,09:23:13.000,236.23,450.0,235.9,236.55,225.0
2025-10-01,09:23:14.000,236.23,450.0,235.9,236.55,225.0
2025-10-01,09:23:15.000,236.55,225.0,236.15,236.95,225.0
2025-10-01,09:23:16.000,237.75,225.0,237.35,238.15,75.0
2025-10-01,09:23:17.000,237.75,225.0,237.35,238.15,75.0
2025-10-01,09:23:18.000,238.27,300.0,237.85,238.7,75.0
2025-10-01,09:23:19.000,238.18,300.0,237.8,238.55,75.0
2025-10-01,09:23:20.000,238.18,300.0,237.8,238.55,75.0
2025-10-01,09:23:21.000,237.77,225.0,237.35,238.2,75.0
2025-10-01,09:23:22.000,237.77,225.0,237.35,238.2,75.0
2025-10-01,09:23:23.000,237.42,300.0,236.95,237.9,675.0
2025-10-01,09:23:24.000,237.15,225.0,236.7,237.6,600.0
2025-10-01,09:23:25.000,237.15,225.0,236.7,237.6,600.0
2025-10-01,09:23:26.000,236.08,300.0,235.6,236.55,525.0
2025-10-01,09:23:27.000,236.08,300.0,235.6,236.55,525.0
2025-10-01,09:23:28.000,235.9,450.0,235.5,236.3,75.0
2025-10-01,09:23:29.000,235.9,450.0,235.5,236.3,75.0
2025-10-01,09:23:30.000,235.85,300.0,235.4,236.3,225.0
2025-10-01,09:23:31.000,236.48,225.0,235.85,237.1,150.0
2025-10-01,09:23:32.000,236.48,225.0,235.85,237.1,150.0
2025-10-01,09:23:33.000,236.85,375.0,236.4,237.3,150.0
2025-10-01,09:23:34.000,236.85,375.0,236.4,237.3,150.0
2025-10-01,09:23:35.000,236.95,300.0,236.5,237.4,525.0
2025-10-01,09:23:36.000,236.88,75.0,236.4,237.35,150.0
2025-10-01,09:23:37.000,236.88,75.0,236.4,237.35,150.0
2025-10-01,09:23:38.000,235.18,225.0,234.5,235.85,525.0
2025-10-01,09:23:39.000,235.18,225.0,234.5,235.85,525.0
2025-10-01,09:23:40.000,235.1,375.0,234.65,235.55,375.0
2025-10-01,09:23:41.000,235.8,225.0,235.2,236.4,150.0
2025-10-01,09:23:42.000,235.8,225.0,235.2,236.4,150.0
2025-10-01,09:23:43.000,236.12,375.0,235.75,236.5,225.0
2025-10-01,09:23:44.000,236.02,300.0,235.55,236.5,375.0
2025-10-01,09:23:45.000,236.02,300.0,235.55,236.5,375.0
2025-10-01,09:23:46.000,235.98,300.0,235.5,236.45,150.0
2025-10-01,09:23:47.000,235.98,300.0,235.5,236.45,150.0
2025-10-01,09:23:48.000,235.98,375.0,235.5,236.45,150.0
2025-10-01,09:23:49.000,236.3,300.0,236.1,236.5,150.0
2025-10-01,09:23:50.000,236.3,300.0,236.1,236.5,150.0
2025-10-01,09:23:51.000,236.72,375.0,236.45,237.0,150.0
2025-10-01,09:23:52.000,236.72,375.0,236.45,237.0,150.0
2025-10-01,09:23:53.000,237.58,75.0,237.3,237.85,150.0
2025-10-01,09:23:54.000,238.4,150.0,237.9,238.9,225.0
2025-10-01,09:23:55.000,238.4,150.0,237.9,238.9,225.0
2025-10-01,09:23:56.000,238.68,75.0,238.2,239.15,150.0
2025-10-01,09:23:57.000,238.68,75.0,238.2,239.15,150.0
2025-10-01,09:23:58.000,238.18,75.0,237.75,238.6,375.0
2025-10-01,09:23:59.000,238.65,75.0,238.2,239.1,225.0
2025-10-01,09:24:00.000,238.65,75.0,238.2,239.1,225.0
2025-10-01,09:24:01.000,238.62,300.0,238.1,239.15,150.0
2025-10-01,09:24:02.000,238.62,300.0,238.1,239.15,150.0
2025-10-01,09:24:03.000,239.32,600.0,238.85,239.8,150.0
2025-10-01,09:24:04.000,239.28,375.0,238.8,239.75,150.0
2025-10-01,09:24:05.000,239.28,375.0,238.8,239.75,150.0
2025-10-01,09:24:06.000,239.45,300.0,239.0,239.9,150.0
2025-10-01,09:24:07.000,239.45,300.0,239.0,239.9,150.0
2025-10-01,09:24:08.000,239.48,375.0,239.0,239.95,150.0
2025-10-01,09:24:09.000,239.12,75.0,238.65,239.6,150.0
2025-10-01,09:24:10.000,239.12,75.0,238.65,239.6,150.0
2025-10-01,09:24:11.000,239.45,375.0,239.0,239.9,225.0
2025-10-01,09:24:12.000,239.45,375.0,239.0,239.9,225.0
2025-10-01,09:24:13.000,238.9,300.0,238.4,239.4,150.0
2025-10-01,09:24:14.000,239.1,300.0,238.65,239.55,150.0
2025-10-01,09:24:15.000,239.1,300.0,238.65,239.55,150.0
2025-10-01,09:24:16.000,238.6,300.0,238.15,239.05,225.0
2025-10-01,09:24:17.000,238.6,300.0,238.15,239.05,225.0
2025-10-01,09:24:18.000,239.18,300.0,238.75,239.6,150.0
2025-10-01,09:24:19.000,240.2,300.0,239.8,240.6,150.0
2025-10-01,09:24:20.000,240.2,300.0,239.8,240.6,150.0
2025-10-01,09:24:21.000,239.9,75.0,239.45,240.35,225.0
2025-10-01,09:24:22.000,239.9,75.0,239.45,240.35,225.0
2025-10-01,09:24:23.000,239.88,300.0,239.25,240.5,225.0
2025-10-01,09:24:24.000,239.82,300.0,239.25,240.4,300.0
2025-10-01,09:24:25.000,239.82,300.0,239.25,240.4,300.0
2025-10-01,09:24:26.000,240.0,300.0,239.55,240.45,150.0
2025-10-01,09:24:27.000,240.0,300.0,239.55,240.45,150.0
2025-10-01,09:24:28.000,239.88,300.0,239.4,240.35,150.0
2025-10-01,09:24:29.000,240.08,375.0,239.6,240.55,225.0
2025-10-01,09:24:30.000,240.08,375.0,239.6,240.55,225.0
2025-10-01,09:24:31.000,239.4,150.0,239.15,239.65,225.0
2025-10-01,09:24:32.000,239.4,150.0,239.15,239.65,225.0
2025-10-01,09:24:33.000,239.15,300.0,238.75,239.55,150.0
2025-10-01,09:24:34.000,238.38,300.0,238.0,238.75,75.0
2025-10-01,09:24:35.000,238.38,300.0,238.0,238.75,75.0
2025-10-01,09:24:36.000,238.2,300.0,237.75,238.65,150.0
2025-10-01,09:24:37.000,238.2,300.0,237.75,238.65,150.0
2025-10-01,09:24:38.000,237.38,300.0,236.8,237.95,300.0
2025-10-01,09:24:39.000,237.82,300.0,237.25,238.4,225.0
2025-10-01,09:24:40.000,237.82,300.0,237.25,238.4,225.0
2025-10-01,09:24:41.000,237.08,300.0,236.6,237.55,375.0
2025-10-01,09:24:42.000,237.08,300.0,236.6,237.55,375.0
2025-10-01,09:24:43.000,238.5,300.0,238.05,238.95,675.0
2025-10-01,09:24:44.000,238.5,300.0,238.05,238.95,675.0
2025-10-01,09:24:45.000,238.4,300.0,237.95,238.85,450.0
2025-10-01,09:24:46.000,238.52,300.0,238.1,238.95,150.0
2025-10-01,09:24:47.000,238.52,300.0,238.1,238.95,150.0
2025-10-01,09:24:48.000,238.35,300.0,237.85,238.85,225.0
2025-10-01,09:24:49.000,238.35,300.0,237.85,238.85,225.0
2025-10-01,09:24:50.000,239.45,300.0,238.95,239.95,225.0
2025-10-01,09:24:51.000,239.5,75.0,239.1,239.9,150.0
2025-10-01,09:24:52.000,239.5,75.0,239.1,239.9,150.0
2025-10-01,09:24:53.000,240.18,300.0,239.7,240.65,150.0
2025-10-01,09:24:54.000,240.18,300.0,239.7,240.65,150.0
2025-10-01,09:24:55.000,240.65,75.0,240.2,241.1,150.0
2025-10-01,09:24:56.000,240.7,525.0,240.2,241.2,225.0
2025-10-01,09:24:57.000,240.7,525.0,240.2,241.2,225.0
2025-10-01,09:24:58.000,240.3,75.0,239.85,240.75,150.0
2025-10-01,09:24:59.000,240.3,75.0,239.85,240.75,150.0
2025-10-01,09:25:00.000,241.18,300.0,240.8,241.55,75.0
2025-10-01,09:25:01.000,240.78,300.0,240.3,241.25,225.0
2025-10-01,09:25:02.000,240.78,300.0,240.3,241.25,225.0
2025-10-01,09:25:03.000,241.05,300.0,240.6,241.5,225.0
2025-10-01,09:25:04.000,241.05,300.0,240.6,241.5,225.0
2025-10-01,09:25:05.000,241.5,300.0,241.05,241.95,150.0
2025-10-01,09:25:06.000,240.95,75.0,240.6,241.3,150.0
2025-10-01,09:25:07.000,240.95,75.0,240.6,241.3,150.0
2025-10-01,09:25:08.000,239.62,300.0,239.2,240.05,150.0
2025-10-01,09:25:09.000,239.62,300.0,239.2,240.05,150.0
2025-10-01,09:25:10.000,240.55,75.0,240.15,240.95,150.0
2025-10-01,09:25:11.000,241.1,450.0,240.6,241.6,225.0
2025-10-01,09:25:12.000,241.1,450.0,240.6,241.6,225.0
2025-10-01,09:25:13.000,241.45,375.0,241.0,241.9,225.0
2025-10-01,09:25:14.000,241.45,375.0,241.0,241.9,225.0
2025-10-01,09:25:15.000,241.62,75.0,241.25,242.0,150.0
2025-10-01,09:25:16.000,242.18,300.0,241.4,242.95,150.0
2025-10-01,09:25:17.000,242.18,300.0,241.4,242.95,150.0
2025-10-01,09:25:18.000,242.28,450.0,241.8,242.75,150.0
2025-10-01,09:25:19.000,242.28,450.0,241.8,242.75,150.0
2025-10-01,09:25:20.000,242.3,75.0,241.85,242.75,225.0
2025-10-01,09:25:21.000,241.92,375.0,241.45,242.4,150.0
2025-10-01,09:25:22.000,241.92,375.0,241.45,242.4,150.0
2025-10-01,09:25:23.000,241.25,300.0,240.8,241.7,150.0
2025-10-01,09:25:24.000,241.25,300.0,240.8,241.7,150.0
2025-10-01,09:25:25.000,241.88,150.0,241.45,242.3,150.0
2025-10-01,09:25:26.000,241.45,75.0,241.05,241.85,225.0
2025-10-01,09:25:27.000,241.45,75.0,241.05,241.85,225.0
2025-10-01,09:25:28.000,241.35,225.0,241.0,241.7,150.0
2025-10-01,09:25:29.000,241.35,225.0,241.0,241.7,150.0
2025-10-01,09:25:30.000,241.85,450.0,241.35,242.35,675.0
2025-10-01,09:25:31.000,240.75,75.0,240.4,241.1,150.0
2025-10-01,09:25:32.000,240.75,75.0,240.4,241.1,150.0
2025-10-01,09:25:33.000,240.8,300.0,240.35,241.25,75.0
2025-10-01,09:25:34.000,240.8,300.0,240.35,241.25,75.0
2025-10-01,09:25:35.000,241.52,225.0,241.1,241.95,300.0
2025-10-01,09:25:36.000,241.72,225.0,241.35,242.1,150.0
2025-10-01,09:25:37.000,241.72,225.0,241.35,242.1,150.0
2025-10-01,09:25:38.000,241.75,300.0,241.4,242.1,75.0
2025-10-01,09:25:39.000,241.75,300.0,241.4,242.1,75.0
2025-10-01,09:25:40.000,243.15,525.0,242.75,243.55,75.0
2025-10-01,09:25:41.000,243.48,300.0,242.95,244.0,375.0
2025-10-01,09:25:42.000,243.48,300.0,242.95,244.0,375.0
2025-10-01,09:25:43.000,243.18,75.0,242.8,243.55,225.0
2025-10-01,09:25:44.000,243.18,75.0,242.8,243.55,225.0
2025-10-01,09:25:45.000,242.52,75.0,242.1,242.95,225.0
2025-10-01,09:25:46.000,242.48,300.0,242.05,242.9,225.0
2025-10-01,09:25:47.000,242.48,300.0,242.05,242.9,225.0
2025-10-01,09:25:48.000,243.08,300.0,242.6,243.55,300.0
2025-10-01,09:25:49.000,243.08,300.0,242.6,243.55,300.0
2025-10-01,09:25:50.000,243.3,75.0,242.95,243.65,225.0
2025-10-01,09:25:51.000,243.05,300.0,242.55,243.55,150.0
2025-10-01,09:25:52.000,243.05,300.0,242.55,243.55,150.0
2025-10-01,09:25:53.000,242.48,300.0,242.0,242.95,150.0
2025-10-01,09:25:54.000,242.48,300.0,242.0,242.95,150.0
2025-10-01,09:25:55.000,242.42,300.0,242.0,242.85,150.0
2025-10-01,09:25:56.000,242.45,75.0,242.1,242.8,150.0
2025-10-01,09:25:57.000,242.45,75.0,242.1,242.8,150.0
2025-10-01,09:25:58.000,241.98,225.0,241.55,242.4,150.0
2025-10-01,09:25:59.000,241.98,225.0,241.55,242.4,150.0
2025-10-01,09:26:00.000,241.25,375.0,240.8,241.7,150.0
2025-10-01,09:26:01.000,241.35,300.0,240.95,241.75,150.0
2025-10-01,09:26:02.000,241.35,300.0,240.95,241.75,150.0
2025-10-01,09:26:03.000,241.12,300.0,240.65,241.6,525.0
2025-10-01,09:26:04.000,241.12,300.0,240.65,241.6,525.0
2025-10-01,09:26:05.000,241.02,375.0,240.6,241.45,150.0
2025-10-01,09:26:06.000,240.1,150.0,239.85,240.35,75.0
2025-10-01,09:26:07.000,240.1,150.0,239.85,240.35,75.0
2025-10-01,09:26:08.000,239.88,225.0,239.4,240.35,525.0
2025-10-01,09:26:09.000,239.88,225.0,239.4,240.35,525.0
2025-10-01,09:26:10.000,240.18,225.0,239.7,240.65,150.0
2025-10-01,09:26:11.000,239.55,225.0,239.15,239.95,75.0
2025-10-01,09:26:12.000,239.55,225.0,239.15,239.95,75.0
2025-10-01,09:26:13.000,239.18,375.0,238.65,239.7,150.0
2025-10-01,09:26:14.000,239.18,375.0,238.65,239.7,150.0
2025-10-01,09:26:15.000,238.1,225.0,237.6,238.6,75.0
2025-10-01,09:26:16.000,238.0,225.0,237.5,238.5,375.0
2025-10-01,09:26:17.000,238.0,225.0,237.5,238.5,375.0
2025-10-01,09:26:18.000,238.23,225.0,237.8,238.65,75.0
2025-10-01,09:26:19.000,238.23,225.0,237.8,238.65,75.0
2025-10-01,09:26:20.000,239.75,225.0,239.35,240.15,75.0
2025-10-01,09:26:21.000,240.38,375.0,239.9,240.85,450.0
2025-10-01,09:26:22.000,240.38,375.0,239.9,240.85,450.0
2025-10-01,09:26:23.000,240.25,375.0,239.8,240.7,75.0
2025-10-01,09:26:24.000,240.25,375.0,239.8,240.7,75.0
2025-10-01,09:26:25.000,240.4,225.0,240.05,240.75,75.0
2025-10-01,09:26:26.000,241.05,75.0,240.7,241.4,75.0
2025-10-01,09:26:27.000,241.05,75.0,240.7,241.4,75.0
2025-10-01,09:26:28.000,241.15,75.0,240.8,241.5,225.0
2025-10-01,09:26:29.000,241.15,75.0,240.8,241.5,225.0
2025-10-01,09:26:30.000,240.3,150.0,239.95,240.65,225.0
2025-10-01,09:26:31.000,240.5,300.0,240.15,240.85,150.0
2025-10-01,09:26:32.000,240.5,300.0,240.15,240.85,150.0
2025-10-01,09:26:33.000,240.92,150.0,240.65,241.2,150.0
2025-10-01,09:26:34.000,240.92,150.0,240.65,241.2,150.0
2025-10-01,09:26:35.000,240.4,375.0,240.05,240.75,150.0
2025-10-01,09:26:36.000,240.8,150.0,240.25,241.35,525.0
2025-10-01,09:26:37.000,240.8,150.0,240.25,241.35,525.0
2025-10-01,09:26:38.000,241.08,300.0,240.75,241.4,150.0
2025-10-01,09:26:39.000,241.08,300.0,240.75,241.4,150.0
2025-10-01,09:26:40.000,240.85,225.0,240.5,241.2,150.0
2025-10-01,09:26:41.000,241.48,150.0,241.1,241.85,150.0
2025-10-01,09:26:42.000,241.48,150.0,241.1,241.85,150.0
2025-10-01,09:26:43.000,242.65,150.0,242.35,242.95,75.0
2025-10-01,09:26:44.000,242.65,150.0,242.35,242.95,75.0
2025-10-01,09:26:45.000,242.0,225.0,241.65,242.35,75.0
2025-10-01,09:26:46.000,241.8,75.0,241.4,242.2,150.0
2025-10-01,09:26:47.000,241.8,75.0,241.4,242.2,150.0
2025-10-01,09:26:48.000,241.68,150.0,241.2,242.15,375.0
2025-10-01,09:26:49.000,241.68,150.0,241.2,242.15,375.0
2025-10-01,09:26:50.000,242.25,375.0,241.8,242.7,375.0
2025-10-01,09:26:51.000,242.6,150.0,242.2,243.0,225.0
2025-10-01,09:26:52.000,242.6,150.0,242.2,243.0,225.0
2025-10-01,09:26:53.000,242.22,300.0,241.75,242.7,75.0
2025-10-01,09:26:54.000,242.22,300.0,241.75,242.7,75.0
2025-10-01,09:26:55.000,242.65,300.0,242.1,243.2,525.0
2025-10-01,09:26:56.000,242.72,225.0,242.25,243.2,150.0
2025-10-01,09:26:57.000,242.72,225.0,242.25,243.2,150.0
2025-10-01,09:26:58.000,242.3,300.0,241.85,242.75,525.0
2025-10-01,09:26:59.000,242.3,300.0,241.85,242.75,525.0
2025-10-01,09:27:00.000,242.52,225.0,242.1,242.95,75.0
2025-10-01,09:27:01.000,242.62,150.0,242.25,243.0,150.0
2025-10-01,09:27:02.000,242.62,150.0,242.25,243.0,150.0
2025-10-01,09:27:03.000,242.55,225.0,242.1,243.0,225.0
2025-10-01,09:27:04.000,242.55,225.0,242.1,243.0,225.0
2025-10-01,09:27:05.000,242.2,375.0,241.7,242.7,600.0
2025-10-01,09:27:06.000,241.65,300.0,241.2,242.1,75.0
2025-10-01,09:27:07.000,241.65,300.0,241.2,242.1,75.0
2025-10-01,09:27:08.000,242.42,225.0,241.95,242.9,225.0
2025-10-01,09:27:09.000,242.42,225.0,241.95,242.9,225.0
2025-10-01,09:27:10.000,242.58,150.0,242.2,242.95,75.0
2025-10-01,09:27:11.000,243.12,225.0,242.65,243.6,150.0
2025-10-01,09:27:12.000,243.12,225.0,242.65,243.6,150.0
2025-10-01,09:27:13.000,243.0,150.0,242.55,243.45,75.0
2025-10-01,09:27:14.000,243.0,150.0,242.55,243.45,75.0
2025-10-01,09:27:15.000,242.12,225.0,241.7,242.55,75.0
2025-10-01,09:27:16.000,242.88,225.0,242.4,243.35,225.0
2025-10-01,09:27:17.000,242.88,225.0,242.4,243.35,225.0
2025-10-01,09:27:18.000,242.75,225.0,242.25,243.25,225.0
2025-10-01,09:27:19.000,242.75,225.0,242.25,243.25,225.0
2025-10-01,09:27:20.000,242.0,225.0,241.6,242.4,225.0
2025-10-01,09:27:21.000,242.25,150.0,241.8,242.7,600.0
2025-10-01,09:27:22.000,242.25,150.0,241.8,242.7,600.0
2025-10-01,09:27:23.000,242.23,150.0,241.8,242.65,75.0
2025-10-01,09:27:24.000,241.9,150.0,241.45,242.35,525.0
2025-10-01,09:27:25.000,241.9,150.0,241.45,242.35,525.0
2025-10-01,09:27:26.000,241.22,225.0,240.85,241.6,75.0
2025-10-01,09:27:27.000,241.22,225.0,240.85,241.6,75.0
2025-10-01,09:27:28.000,242.22,375.0,241.75,242.7,150.0
2025-10-01,09:27:29.000,242.95,225.0,242.5,243.4,150.0
2025-10-01,09:27:30.000,242.95,225.0,242.5,243.4,150.0
2025-10-01,09:27:31.000,244.82,150.0,243.8,245.85,75.0
2025-10-01,09:27:32.000,244.82,150.0,243.8,245.85,75.0
2025-10-01,09:27:33.000,243.77,75.0,243.35,244.2,150.0
2025-10-01,09:27:34.000,243.48,150.0,243.05,243.9,150.0
2025-10-01,09:27:35.000,243.48,150.0,243.05,243.9,150.0
2025-10-01,09:27:36.000,243.7,225.0,243.25,244.15,75.0
2025-10-01,09:27:37.000,243.7,225.0,243.25,244.15,75.0
2025-10-01,09:27:38.000,242.92,225.0,242.45,243.4,450.0
2025-10-01,09:27:39.000,243.02,225.0,242.6,243.45,225.0
2025-10-01,09:27:40.000,243.02,225.0,242.6,243.45,225.0
2025-10-01,09:27:41.000,242.22,300.0,241.7,242.75,525.0
2025-10-01,09:27:42.000,242.22,300.0,241.7,242.75,525.0
2025-10-01,09:27:43.000,242.2,225.0,241.75,242.65,375.0
2025-10-01,09:27:44.000,242.2,225.0,241.75,242.65,375.0
2025-10-01,09:27:45.000,242.62,150.0,242.2,243.05,225.0
2025-10-01,09:27:46.000,242.32,75.0,241.9,242.75,150.0
2025-10-01,09:27:47.000,242.32,75.0,241.9,242.75,150.0
2025-10-01,09:27:48.000,242.55,300.0,242.1,243.0,375.0
2025-10-01,09:27:49.000,242.55,300.0,242.1,243.0,375.0
2025-10-01,09:27:50.000,242.62,150.0,242.25,243.0,375.0
2025-10-01,09:27:51.000,242.62,450.0,242.25,243.0,150.0
2025-10-01,09:27:52.000,242.62,450.0,242.25,243.0,150.0
2025-10-01,09:27:53.000,242.42,225.0,242.05,242.8,150.0
2025-10-01,09:27:54.000,242.42,225.0,242.05,242.8,150.0
2025-10-01,09:27:55.000,242.38,150.0,241.95,242.8,150.0
2025-10-01,09:27:56.000,242.0,225.0,241.55,242.45,150.0
2025-10-01,09:27:57.000,242.0,225.0,241.55,242.45,150.0
2025-10-01,09:27:58.000,241.72,375.0,241.25,242.2,150.0
2025-10-01,09:27:59.000,241.72,375.0,241.25,242.2,150.0
2025-10-01,09:28:00.000,241.78,300.0,241.3,242.25,75.0
2025-10-01,09:28:01.000,242.52,225.0,242.1,242.95,150.0
2025-10-01,09:28:02.000,242.52,225.0,242.1,242.95,150.0
2025-10-01,09:28:03.000,243.32,150.0,242.9,243.75,150.0
2025-10-01,09:28:04.000,243.32,150.0,242.9,243.75,150.0
2025-10-01,09:28:05.000,242.58,225.0,242.2,242.95,150.0
2025-10-01,09:28:06.000,242.77,525.0,242.35,243.2,150.0
2025-10-01,09:28:07.000,242.77,525.0,242.35,243.2,150.0
2025-10-01,09:28:08.000,243.5,225.0,243.1,243.9,150.0
2025-10-01,09:28:09.000,243.5,225.0,243.1,243.9,150.0
2025-10-01,09:28:10.000,243.38,150.0,243.0,243.75,150.0
2025-10-01,09:28:11.000,243.82,150.0,243.5,244.15,150.0
2025-10-01,09:28:12.000,243.82,150.0,243.5,244.15,150.0
2025-10-01,09:28:13.000,243.9,150.0,243.4,244.4,75.0
2025-10-01,09:28:14.000,243.9,150.0,243.4,244.4,75.0
2025-10-01,09:28:15.000,243.12,225.0,242.75,243.5,150.0
2025-10-01,09:28:16.000,242.92,150.0,242.5,243.35,75.0
2025-10-01,09:28:17.000,242.92,150.0,242.5,243.35,75.0
2025-10-01,09:28:18.000,243.48,450.0,243.05,243.9,225.0
2025-10-01,09:28:19.000,243.48,450.0,243.05,243.9,225.0
2025-10-01,09:28:20.000,242.62,225.0,242.2,243.05,225.0
2025-10-01,09:28:21.000,242.52,300.0,242.25,242.8,75.0
2025-10-01,09:28:22.000,242.52,300.0,242.25,242.8,75.0
2025-10-01,09:28:23.000,243.08,150.0,242.65,243.5,150.0
2025-10-01,09:28:24.000,243.08,150.0,242.65,243.5,150.0
2025-10-01,09:28:25.000,244.22,150.0,243.85,244.6,225.0
2025-10-01,09:28:26.000,244.0,150.0,243.65,244.35,150.0
2025-10-01,09:28:27.000,244.0,150.0,243.65,244.35,150.0
2025-10-01,09:28:28.000,244.38,225.0,244.0,244.75,150.0
2025-10-01,09:28:29.000,244.38,225.0,244.0,244.75,150.0
2025-10-01,09:28:30.000,244.25,525.0,243.85,244.65,150.0
2025-10-01,09:28:31.000,245.25,300.0,244.85,245.65,150.0
2025-10-01,09:28:32.000,245.25,300.0,244.85,245.65,150.0
2025-10-01,09:28:33.000,244.5,225.0,244.15,244.85,225.0
2025-10-01,09:28:34.000,244.5,225.0,244.15,244.85,225.0
2025-10-01,09:28:35.000,244.85,225.0,244.5,245.2,150.0
2025-10-01,09:28:36.000,245.08,150.0,244.65,245.5,225.0
2025-10-01,09:28:37.000,245.08,150.0,244.65,245.5,225.0
2025-10-01,09:28:38.000,245.18,300.0,244.75,245.6,150.0
2025-10-01,09:28:39.000,244.73,225.0,244.4,245.05,150.0
2025-10-01,09:28:40.000,244.73,225.0,244.4,245.05,150.0
2025-10-01,09:28:41.000,244.75,225.0,244.3,245.2,225.0
2025-10-01,09:28:42.000,244.75,225.0,244.3,245.2,225.0
2025-10-01,09:28:43.000,244.25,450.0,243.65,244.85,225.0
2025-10-01,09:28:44.000,244.25,450.0,243.65,244.85,225.0
2025-10-01,09:28:45.000,244.78,225.0,244.4,245.15,225.0
2025-10-01,09:28:46.000,244.72,75.0,244.45,245.0,150.0
2025-10-01,09:28:47.000,244.72,75.0,244.45,245.0,150.0
2025-10-01,09:28:48.000,244.88,525.0,244.45,245.3,225.0
2025-10-01,09:28:49.000,244.88,525.0,244.45,245.3,225.0
2025-10-01,09:28:50.000,244.38,225.0,243.95,244.8,375.0
2025-10-01,09:28:51.000,243.9,300.0,243.5,244.3,150.0
2025-10-01,09:28:52.000,243.9,300.0,243.5,244.3,150.0
2025-10-01,09:28:53.000,243.78,150.0,243.4,244.15,150.0
2025-10-01,09:28:54.000,243.78,150.0,243.4,244.15,150.0
2025-10-01,09:28:55.000,244.7,150.0,244.4,245.0,225.0
2025-10-01,09:28:56.000,244.12,150.0,243.75,244.5,150.0
2025-10-01,09:28:57.000,244.12,150.0,243.75,244.5,150.0
2025-10-01,09:28:58.000,244.25,225.0,243.85,244.65,150.0
2025-10-01,09:28:59.000,244.25,225.0,243.85,244.65,150.0
2025-10-01,09:29:00.000,243.42,75.0,243.0,243.85,75.0
2025-10-01,09:29:01.000,243.98,75.0,243.55,244.4,225.0
2025-10-01,09:29:02.000,243.98,75.0,243.55,244.4,225.0
2025-10-01,09:29:03.000,243.58,225.0,243.15,244.0,375.0
2025-10-01,09:29:04.000,243.58,225.0,243.15,244.0,375.0
2025-10-01,09:29:05.000,244.0,300.0,243.55,244.45,150.0
2025-10-01,09:29:06.000,244.1,375.0,243.65,244.55,150.0
2025-10-01,09:29:07.000,244.1,375.0,243.65,244.55,150.0
2025-10-01,09:29:08.000,244.05,150.0,243.7,244.4,75.0
2025-10-01,09:29:09.000,243.68,450.0,243.35,244.0,150.0
2025-10-01,09:29:10.000,243.68,450.0,243.35,244.0,150.0
2025-10-01,09:29:11.000,243.85,150.0,243.2,244.5,75.0
2025-10-01,09:29:12.000,243.85,150.0,243.2,244.5,75.0
2025-10-01,09:29:13.000,243.65,375.0,243.3,244.0,150.0
2025-10-01,09:29:14.000,243.62,375.0,243.25,244.0,150.0
2025-10-01,09:29:15.000,243.62,375.0,243.25,244.0,150.0
2025-10-01,09:29:16.000,243.0,300.0,242.35,243.65,675.0
2025-10-01,09:29:17.000,243.0,300.0,242.35,243.65,675.0
2025-10-01,09:29:18.000,242.78,225.0,242.3,243.25,450.0
2025-10-01,09:29:19.000,243.0,150.0,242.6,243.4,75.0
2025-10-01,09:29:20.000,243.0,150.0,242.6,243.4,75.0
2025-10-01,09:29:21.000,243.77,225.0,243.45,244.1,75.0
2025-10-01,09:29:22.000,243.77,225.0,243.45,244.1,75.0
2025-10-01,09:29:23.000,245.4,75.0,244.9,245.9,600.0
2025-10-01,09:29:24.000,244.65,150.0,244.3,245.0,225.0
2025-10-01,09:29:25.000,244.65,150.0,244.3,245.0,225.0
2025-10-01,09:29:26.000,245.48,150.0,245.05,245.9,150.0
2025-10-01,09:29:27.000,245.48,150.0,245.05,245.9,150.0
2025-10-01,09:29:28.000,244.42,225.0,244.05,244.8,150.0
2025-10-01,09:29:29.000,244.77,225.0,244.35,245.2,150.0
2025-10-01,09:29:30.000,244.77,225.0,244.35,245.2,150.0
2025-10-01,09:29:31.000,245.02,150.0,244.6,245.45,150.0
2025-10-01,09:29:32.000,245.02,150.0,244.6,245.45,150.0
2025-10-01,09:29:33.000,244.98,225.0,244.6,245.35,150.0
2025-10-01,09:29:34.000,244.7,75.0,244.4,245.0,150.0
2025-10-01,09:29:35.000,244.7,75.0,244.4,245.0,150.0
2025-10-01,09:29:36.000,244.9,150.0,244.45,245.35,150.0
2025-10-01,09:29:37.000,244.9,150.0,244.45,245.35,150.0
2025-10-01,09:29:38.000,245.25,150.0,244.9,245.6,300.0
2025-10-01,09:29:39.000,245.68,150.0,245.35,246.0,150.0
2025-10-01,09:29:40.000,245.68,150.0,245.35,246.0,150.0
2025-10-01,09:29:41.000,245.65,150.0,245.3,246.0,225.0
2025-10-01,09:29:42.000,245.65,150.0,245.3,246.0,225.0
2025-10-01,09:29:43.000,245.15,150.0,244.75,245.55,150.0
2025-10-01,09:29:44.000,245.35,150.0,244.95,245.75,375.0
2025-10-01,09:29:45.000,245.35,150.0,244.95,245.75,375.0
2025-10-01,09:29:46.000,245.23,75.0,244.8,245.65,75.0
2025-10-01,09:29:47.000,245.23,75.0,244.8,245.65,75.0
2025-10-01,09:29:48.000,245.23,225.0,244.8,245.65,375.0
2025-10-01,09:29:49.000,243.95,150.0,243.1,244.8,75.0
2025-10-01,09:29:50.000,243.95,150.0,243.1,244.8,75.0
2025-10-01,09:29:51.000,244.02,225.0,243.5,244.55,75.0
2025-10-01,09:29:52.000,244.02,225.0,243.5,244.55,75.0
2025-10-01,09:29:53.000,244.4,225.0,243.9,244.9,375.0
2025-10-01,09:29:54.000,244.9,225.0,244.35,245.45,75.0
2025-10-01,09:29:55.000,244.9,225.0,244.35,245.45,75.0
2025-10-01,09:29:56.000,245.12,225.0,244.7,245.55,75.0
2025-10-01,09:29:57.000,245.12,225.0,244.7,245.55,75.0
2025-10-01,09:29:58.000,245.6,225.0,245.2,246.0,150.0
2025-10-01,09:29:59.000,245.4,450.0,244.95,245.85,525.0
2025-10-01,09:30:00.000,245.4,450.0,244.95,245.85,525.0
2025-10-01,09:30:01.000,244.6,375.0,244.2,245.0,150.0
2025-10-01,09:30:02.000,244.6,375.0,244.2,245.0,150.0
2025-10-01,09:30:03.000,245.32,225.0,244.8,245.85,300.0
2025-10-01,09:30:04.000,245.45,225.0,245.05,245.85,300.0
2025-10-01,09:30:05.000,245.45,225.0,245.05,245.85,300.0
2025-10-01,09:30:06.000,245.58,150.0,245.15,246.0,300.0
2025-10-01,09:30:07.000,245.58,150.0,245.15,246.0,300.0
2025-10-01,09:30:08.000,246.12,150.0,245.75,246.5,300.0
2025-10-01,09:30:09.000,245.78,225.0,245.3,246.25,75.0
2025-10-01,09:30:10.000,245.78,225.0,245.3,246.25,75.0
2025-10-01,09:30:11.000,245.58,300.0,245.15,246.0,225.0
2025-10-01,09:30:12.000,245.58,300.0,245.15,246.0,225.0
2025-10-01,09:30:13.000,244.75,225.0,244.15,245.35,75.0
2025-10-01,09:30:14.000,243.9,225.0,243.45,244.35,75.0
2025-10-01,09:30:15.000,243.9,225.0,243.45,244.35,75.0
2025-10-01,09:30:16.000,244.12,225.0,243.65,244.6,225.0
2025-10-01,09:30:17.000,244.12,225.0,243.65,244.6,225.0
2025-10-01,09:30:18.000,244.25,150.0,243.75,244.75,225.0
2025-10-01,09:30:19.000,243.68,300.0,243.35,244.0,150.0
2025-10-01,09:30:20.000,243.68,300.0,243.35,244.0,150.0
2025-10-01,09:30:21.000,244.18,375.0,243.7,244.65,75.0
2025-10-01,09:30:22.000,244.18,375.0,243.7,244.65,75.0
2025-10-01,09:30:23.000,243.45,225.0,243.05,243.85,75.0
2025-10-01,09:30:24.000,243.1,375.0,242.6,243.6,75.0
2025-10-01,09:30:25.000,243.1,375.0,242.6,243.6,75.0
2025-10-01,09:30:26.000,243.45,300.0,242.95,243.95,75.0
2025-10-01,09:30:27.000,242.2,300.0,241.75,242.65,75.0
2025-10-01,09:30:28.000,242.2,300.0,241.75,242.65,75.0
2025-10-01,09:30:29.000,242.32,375.0,241.95,242.7,75.0
2025-10-01,09:30:30.000,242.32,375.0,241.95,242.7,75.0
2025-10-01,09:30:31.000,242.82,225.0,242.4,243.25,75.0
2025-10-01,09:30:32.000,243.0,225.0,242.6,243.4,75.0
2025-10-01,09:30:33.000,243.0,225.0,242.6,243.4,75.0
2025-10-01,09:30:34.000,243.08,225.0,242.65,243.5,75.0
2025-10-01,09:30:35.000,243.08,225.0,242.65,243.5,75.0
2025-10-01,09:30:36.000,243.7,150.0,243.3,244.1,75.0
2025-10-01,09:30:37.000,243.72,375.0,243.25,244.2,75.0
2025-10-01,09:30:38.000,243.72,375.0,243.25,244.2,75.0
2025-10-01,09:30:39.000,243.95,150.0,243.55,244.35,75.0
2025-10-01,09:30:40.000,243.95,150.0,243.55,244.35,75.0
2025-10-01,09:30:41.000,244.65,150.0,244.2,245.1,75.0
2025-10-01,09:30:42.000,245.65,375.0,245.15,246.15,300.0
2025-10-01,09:30:43.000,245.65,375.0,245.15,246.15,300.0
2025-10-01,09:30:44.000,245.1,75.0,244.5,245.7,75.0
2025-10-01,09:30:45.000,245.1,75.0,244.5,245.7,75.0
2025-10-01,09:30:46.000,245.28,450.0,244.75,245.8,300.0
2025-10-01,09:30:47.000,246.25,150.0,245.8,246.7,300.0
2025-10-01,09:30:48.000,246.25,150.0,245.8,246.7,300.0
2025-10-01,09:30:49.000,246.62,300.0,246.25,247.0,150.0
2025-10-01,09:30:50.000,246.62,300.0,246.25,247.0,150.0
2025-10-01,09:30:51.000,246.2,225.0,245.5,246.9,375.0
2025-10-01,09:30:52.000,245.85,525.0,245.3,246.4,375.0
2025-10-01,09:30:53.000,245.85,525.0,245.3,246.4,375.0
2025-10-01,09:30:54.000,245.85,225.0,245.3,246.4,75.0
2025-10-01,09:30:55.000,245.85,225.0,245.3,246.4,75.0
2025-10-01,09:30:56.000,246.35,525.0,245.85,246.85,75.0
2025-10-01,09:30:57.000,245.75,150.0,245.4,246.1,75.0
2025-10-01,09:30:58.000,245.75,150.0,245.4,246.1,75.0
2025-10-01,09:30:59.000,246.12,225.0,245.75,246.5,75.0
2025-10-01,09:31:00.000,246.12,225.0,245.75,246.5,75.0
2025-10-01,09:31:01.000,245.6,675.0,245.2,246.0,150.0
2025-10-01,09:31:02.000,245.98,225.0,245.55,246.4,75.0
2025-10-01,09:31:03.000,245.98,225.0,245.55,246.4,75.0
2025-10-01,09:31:04.000,246.35,375.0,245.9,246.8,75.0
2025-10-01,09:31:05.000,246.35,375.0,245.9,246.8,75.0
2025-10-01,09:31:06.000,246.52,300.0,246.1,246.95,75.0
2025-10-01,09:31:07.000,245.92,225.0,245.45,246.4,375.0
2025-10-01,09:31:08.000,245.92,225.0,245.45,246.4,375.0
2025-10-01,09:31:09.000,245.35,300.0,244.8,245.9,75.0
2025-10-01,09:31:10.000,245.35,300.0,244.8,245.9,75.0
2025-10-01,09:31:11.000,245.1,225.0,244.7,245.5,75.0
2025-10-01,09:31:12.000,245.18,300.0,244.7,245.65,75.0
2025-10-01,09:31:13.000,245.18,300.0,244.7,245.65,75.0
2025-10-01,09:31:14.000,246.0,75.0,245.55,246.45,75.0
2025-10-01,09:31:15.000,246.0,75.0,245.55,246.45,75.0
2025-10-01,09:31:16.000,246.18,150.0,245.7,246.65,75.0
2025-10-01,09:31:17.000,245.35,225.0,244.9,245.8,300.0
2025-10-01,09:31:18.000,245.35,225.0,244.9,245.8,300.0
2025-10-01,09:31:19.000,245.62,225.0,245.3,245.95,75.0
2025-10-01,09:31:20.000,245.62,225.0,245.3,245.95,75.0
2025-10-01,09:31:21.000,245.52,225.0,245.1,245.95,75.0
2025-10-01,09:31:22.000,245.62,150.0,245.3,245.95,75.0
2025-10-01,09:31:23.000,245.62,150.0,245.3,245.95,75.0
2025-10-01,09:31:24.000,245.55,225.0,245.15,245.95,75.0
2025-10-01,09:31:25.000,245.55,225.0,245.15,245.95,75.0
2025-10-01,09:31:26.000,245.6,150.0,245.25,245.95,75.0
2025-10-01,09:31:27.000,244.9,225.0,244.55,245.25,75.0
2025-10-01,09:31:28.000,244.9,225.0,244.55,245.25,75.0
2025-10-01,09:31:29.000,244.38,150.0,243.95,244.8,375.0
2025-10-01,09:31:30.000,244.38,150.0,243.95,244.8,375.0
2025-10-01,09:31:31.000,244.32,225.0,243.85,244.8,300.0
2025-10-01,09:31:32.000,244.3,225.0,243.85,244.75,75.0
2025-10-01,09:31:33.000,244.3,225.0,243.85,244.75,75.0
2025-10-01,09:31:34.000,245.18,150.0,244.75,245.6,75.0
2025-10-01,09:31:35.000,245.18,150.0,244.75,245.6,75.0
2025-10-01,09:31:36.000,244.48,225.0,244.05,244.9,75.0
2025-10-01,09:31:37.000,245.25,525.0,244.7,245.8,75.0
2025-10-01,09:31:38.000,245.25,525.0,244.7,245.8,75.0
2025-10-01,09:31:39.000,245.42,225.0,244.9,245.95,375.0
2025-10-01,09:31:40.000,245.42,225.0,244.9,245.95,375.0
2025-10-01,09:31:41.000,245.55,225.0,245.1,246.0,150.0
2025-10-01,09:31:42.000,245.82,150.0,245.65,246.0,150.0
2025-10-01,09:31:43.000,245.82,150.0,245.65,246.0,150.0
2025-10-01,09:31:44.000,245.88,75.0,245.45,246.3,225.0
2025-10-01,09:31:45.000,245.88,75.0,245.45,246.3,225.0
2025-10-01,09:31:46.000,245.7,225.0,245.4,246.0,150.0
2025-10-01,09:31:47.000,244.8,375.0,244.35,245.25,225.0
2025-10-01,09:31:48.000,244.8,375.0,244.35,245.25,225.0
2025-10-01,09:31:49.000,245.08,375.0,244.6,245.55,75.0
2025-10-01,09:31:50.000,245.08,375.0,244.6,245.55,75.0
2025-10-01,09:31:51.000,245.08,375.0,244.6,245.55,525.0
2025-10-01,09:31:52.000,245.35,300.0,244.9,245.8,75.0
2025-10-01,09:31:53.000,245.35,300.0,244.9,245.8,75.0
2025-10-01,09:31:54.000,245.25,150.0,244.8,245.7,300.0
2025-10-01,09:31:55.000,245.25,150.0,244.8,245.7,300.0
2025-10-01,09:31:56.000,243.58,150.0,243.1,244.05,75.0
2025-10-01,09:31:57.000,243.45,150.0,243.05,243.85,75.0
2025-10-01,09:31:58.000,243.45,150.0,243.05,243.85,75.0
2025-10-01,09:31:59.000,243.08,300.0,242.6,243.55,150.0
2025-10-01,09:32:00.000,243.08,300.0,242.6,243.55,150.0
2025-10-01,09:32:01.000,243.0,150.0,242.5,243.5,375.0
2025-10-01,09:32:02.000,243.55,300.0,243.15,243.95,75.0
2025-10-01,09:32:03.000,243.55,300.0,243.15,243.95,75.0
2025-10-01,09:32:04.000,243.85,300.0,243.45,244.25,375.0
2025-10-01,09:32:05.000,243.85,300.0,243.45,244.25,375.0
2025-10-01,09:32:06.000,244.02,225.0,243.65,244.4,375.0
2025-10-01,09:32:07.000,243.62,225.0,243.25,244.0,150.0
2025-10-01,09:32:08.000,243.62,225.0,243.25,244.0,150.0
2025-10-01,09:32:09.000,243.6,300.0,243.2,244.0,150.0
2025-10-01,09:32:10.000,243.6,300.0,243.2,244.0,150.0
2025-10-01,09:32:11.000,243.08,300.0,242.65,243.5,75.0
2025-10-01,09:32:12.000,243.42,225.0,243.0,243.85,75.0
2025-10-01,09:32:13.000,243.42,225.0,243.0,243.85,75.0
2025-10-01,09:32:14.000,243.6,300.0,243.2,244.0,150.0
2025-10-01,09:32:15.000,243.6,300.0,243.2,244.0,150.0
2025-10-01,09:32:16.000,243.55,300.0,243.15,243.95,75.0
2025-10-01,09:32:17.000,243.27,300.0,242.85,243.7,225.0
2025-10-01,09:32:18.000,243.27,300.0,242.85,243.7,225.0
2025-10-01,09:32:19.000,243.52,225.0,243.1,243.95,525.0
2025-10-01,09:32:20.000,243.4,225.0,243.05,243.75,75.0
2025-10-01,09:32:21.000,243.4,225.0,243.05,243.75,75.0
2025-10-01,09:32:22.000,243.48,450.0,243.0,243.95,375.0
2025-10-01,09:32:23.000,243.48,450.0,243.0,243.95,375.0
2025-10-01,09:32:24.000,242.85,150.0,242.45,243.25,300.0
2025-10-01,09:32:25.000,243.22,225.0,242.85,243.6,375.0
2025-10-01,09:32:26.000,243.22,225.0,242.85,243.6,375.0
2025-10-01,09:32:27.000,243.23,150.0,242.8,243.65,75.0
2025-10-01,09:32:28.000,243.23,150.0,242.8,243.65,75.0
2025-10-01,09:32:29.000,243.0,225.0,242.6,243.4,75.0
2025-10-01,09:32:30.000,243.08,225.0,242.65,243.5,75.0
2025-10-01,09:32:31.000,243.08,225.0,242.65,243.5,75.0
2025-10-01,09:32:32.000,243.38,225.0,243.0,243.75,300.0
2025-10-01,09:32:33.000,243.38,225.0,243.0,243.75,300.0
2025-10-01,09:32:34.000,243.82,150.0,243.4,244.25,75.0
2025-10-01,09:32:35.000,243.68,225.0,243.35,244.0,150.0
2025-10-01,09:32:36.000,243.68,225.0,243.35,244.0,150.0
2025-10-01,09:32:37.000,243.32,225.0,242.75,243.9,525.0
2025-10-01,09:32:38.000,243.32,225.0,242.75,243.9,525.0
2025-10-01,09:32:39.000,242.85,225.0,242.5,243.2,75.0
2025-10-01,09:32:40.000,242.92,225.0,242.55,243.3,75.0
2025-10-01,09:32:41.000,242.92,225.0,242.55,243.3,75.0
2025-10-01,09:32:42.000,243.3,150.0,243.0,243.6,300.0
2025-10-01,09:32:43.000,243.3,150.0,243.0,243.6,300.0
2025-10-01,09:32:44.000,243.1,225.0,242.7,243.5,75.0
2025-10-01,09:32:45.000,243.0,225.0,242.6,243.4,75.0
2025-10-01,09:32:46.000,243.0,225.0,242.6,243.4,75.0
2025-10-01,09:32:47.000,243.4,225.0,242.95,243.85,150.0
2025-10-01,09:32:48.000,243.4,225.0,242.95,243.85,150.0
2025-10-01,09:32:49.000,242.75,75.0,242.4,243.1,75.0
2025-10-01,09:32:50.000,243.15,225.0,242.8,243.5,75.0
2025-10-01,09:32:51.000,243.15,225.0,242.8,243.5,75.0
2025-10-01,09:32:52.000,242.38,225.0,242.05,242.7,150.0
2025-10-01,09:32:53.000,242.38,225.0,242.05,242.7,150.0
2025-10-01,09:32:54.000,242.3,75.0,241.95,242.65,75.0
2025-10-01,09:32:55.000,242.32,225.0,241.95,242.7,75.0
2025-10-01,09:32:56.000,242.32,225.0,241.95,242.7,75.0
2025-10-01,09:32:57.000,242.5,225.0,242.2,242.8,150.0
2025-10-01,09:32:58.000,242.5,225.0,242.2,242.8,150.0
2025-10-01,09:32:59.000,243.35,225.0,242.95,243.75,150.0
2025-10-01,09:33:00.000,243.8,225.0,243.55,244.05,75.0
2025-10-01,09:33:01.000,243.8,225.0,243.55,244.05,75.0
2025-10-01,09:33:02.000,244.15,225.0,243.8,244.5,225.0
2025-10-01,09:33:03.000,244.15,225.0,243.8,244.5,225.0
2025-10-01,09:33:04.000,244.25,75.0,244.0,244.5,150.0
2025-10-01,09:33:05.000,244.55,450.0,244.2,244.9,150.0
2025-10-01,09:33:06.000,244.55,450.0,244.2,244.9,150.0
2025-10-01,09:33:07.000,244.77,225.0,244.45,245.1,225.0
2025-10-01,09:33:08.000,244.77,225.0,244.45,245.1,225.0
2025-10-01,09:33:09.000,244.7,375.0,244.3,245.1,375.0
2025-10-01,09:33:10.000,246.0,150.0,245.4,246.6,150.0
2025-10-01,09:33:11.000,246.0,150.0,245.4,246.6,150.0
2025-10-01,09:33:12.000,245.25,150.0,244.9,245.6,150.0
2025-10-01,09:33:13.000,245.25,150.0,244.9,245.6,150.0
2025-10-01,09:33:14.000,244.65,300.0,244.3,245.0,225.0
2025-10-01,09:33:15.000,246.0,150.0,245.55,246.45,225.0
2025-10-01,09:33:16.000,246.0,150.0,245.55,246.45,225.0
2025-10-01,09:33:17.000,245.3,225.0,244.9,245.7,225.0
2025-10-01,09:33:18.000,245.3,225.0,244.9,245.7,225.0
2025-10-01,09:33:19.000,245.27,375.0,244.85,245.7,225.0
2025-10-01,09:33:20.000,245.48,225.0,245.05,245.9,225.0
2025-10-01,09:33:21.000,245.48,225.0,245.05,245.9,225.0
2025-10-01,09:33:22.000,245.65,150.0,245.3,246.0,225.0
2025-10-01,09:33:23.000,245.65,150.0,245.3,246.0,225.0
2025-10-01,09:33:24.000,245.95,150.0,245.5,246.4,225.0
2025-10-01,09:33:25.000,245.7,300.0,245.3,246.1,225.0
2025-10-01,09:33:26.000,245.7,300.0,245.3,246.1,225.0
2025-10-01,09:33:27.000,246.58,75.0,246.2,246.95,225.0
2025-10-01,09:33:28.000,246.58,75.0,246.2,246.95,225.0
2025-10-01,09:33:29.000,246.72,300.0,246.45,247.0,150.0
2025-10-01,09:33:30.000,247.18,150.0,246.75,247.6,150.0
2025-10-01,09:33:31.000,247.18,150.0,246.75,247.6,150.0
2025-10-01,09:33:32.000,247.1,150.0,246.6,247.6,150.0
2025-10-01,09:33:33.000,247.1,150.0,246.6,247.6,150.0
2025-10-01,09:33:34.000,246.5,300.0,246.1,246.9,225.0
2025-10-01,09:33:35.000,246.02,225.0,245.65,246.4,75.0
2025-10-01,09:33:36.000,246.02,225.0,245.65,246.4,75.0
2025-10-01,09:33:37.000,246.58,150.0,246.2,246.95,150.0
2025-10-01,09:33:38.000,246.58,150.0,246.2,246.95,150.0
2025-10-01,09:33:39.000,246.4,300.0,245.95,246.85,225.0
2025-10-01,09:33:40.000,245.3,300.0,244.9,245.7,450.0
2025-10-01,09:33:41.000,245.3,300.0,244.9,245.7,450.0
2025-10-01,09:33:42.000,245.42,300.0,245.05,245.8,600.0
2025-10-01,09:33:43.000,245.8,300.0,245.35,246.25,225.0
2025-10-01,09:33:44.000,245.8,300.0,245.35,246.25,225.0
2025-10-01,09:33:45.000,246.15,300.0,245.75,246.55,225.0
2025-10-01,09:33:46.000,246.15,300.0,245.75,246.55,225.0
2025-10-01,09:33:47.000,245.6,300.0,245.25,245.95,150.0
2025-10-01,09:33:48.000,245.5,300.0,245.15,245.85,150.0
2025-10-01,09:33:49.000,245.5,300.0,245.15,245.85,150.0
2025-10-01,09:33:50.000,245.77,300.0,245.35,246.2,225.0
2025-10-01,09:33:51.000,245.77,300.0,245.35,246.2,225.0
2025-10-01,09:33:52.000,246.05,225.0,245.65,246.45,375.0
2025-10-01,09:33:53.000,246.1,600.0,245.65,246.55,150.0
2025-10-01,09:33:54.000,246.1,600.0,245.65,246.55,150.0
2025-10-01,09:33:55.000,246.3,150.0,245.8,246.8,150.0
2025-10-01,09:33:56.000,246.3,150.0,245.8,246.8,150.0
2025-10-01,09:33:57.000,246.4,225.0,245.95,246.85,75.0
2025-10-01,09:33:58.000,246.32,225.0,245.9,246.75,75.0
2025-10-01,09:33:59.000,246.32,225.0,245.9,246.75,75.0
2025-10-01,09:34:00.000,246.62,75.0,246.25,247.0,150.0
2025-10-01,09:34:01.000,246.62,75.0,246.25,247.0,150.0
2025-10-01,09:34:02.000,246.28,150.0,245.8,246.75,75.0
2025-10-01,09:34:03.000,246.65,150.0,246.3,247.0,75.0
2025-10-01,09:34:04.000,246.65,150.0,246.3,247.0,75.0
2025-10-01,09:34:05.000,246.82,225.0,246.4,247.25,525.0
2025-10-01,09:34:06.000,246.82,225.0,246.4,247.25,525.0
2025-10-01,09:34:07.000,247.0,450.0,246.6,247.4,75.0
2025-10-01,09:34:08.000,247.0,450.0,246.6,247.4,75.0
2025-10-01,09:34:09.000,246.62,375.0,246.2,247.05,75.0
2025-10-01,09:34:10.000,247.1,225.0,246.7,247.5,75.0
2025-10-01,09:34:11.000,247.1,225.0,246.7,247.5,75.0
2025-10-01,09:34:12.000,247.02,600.0,246.6,247.45,75.0
2025-10-01,09:34:13.000,247.02,600.0,246.6,247.45,75.0
2025-10-01,09:34:14.000,247.32,150.0,247.1,247.55,450.0
2025-10-01,09:34:15.000,247.23,375.0,246.8,247.65,75.0
2025-10-01,09:34:16.000,247.23,375.0,246.8,247.65,75.0
2025-10-01,09:34:17.000,247.4,150.0,247.0,247.8,300.0
2025-10-01,09:34:18.000,247.4,150.0,247.0,247.8,300.0
2025-10-01,09:34:19.000,247.42,225.0,247.05,247.8,75.0
2025-10-01,09:34:20.000,247.6,300.0,247.2,248.0,150.0
2025-10-01,09:34:21.000,247.6,300.0,247.2,248.0,150.0
2025-10-01,09:34:22.000,248.42,300.0,247.95,248.9,300.0
2025-10-01,09:34:23.000,248.42,300.0,247.95,248.9,300.0
2025-10-01,09:34:24.000,249.3,225.0,248.9,249.7,75.0
2025-10-01,09:34:25.000,248.45,450.0,248.0,248.9,375.0
2025-10-01,09:34:26.000,248.45,450.0,248.0,248.9,375.0
2025-10-01,09:34:27.000,247.9,525.0,247.5,248.3,75.0
2025-10-01,09:34:28.000,247.9,525.0,247.5,248.3,75.0
2025-10-01,09:34:29.000,247.9,675.0,247.45,248.35,375.0
2025-10-01,09:34:30.000,247.02,300.0,246.55,247.5,75.0
2025-10-01,09:34:31.000,247.02,300.0,246.55,247.5,75.0
2025-10-01,09:34:32.000,247.35,300.0,246.95,247.75,75.0
2025-10-01,09:34:33.000,247.35,300.0,246.95,247.75,75.0
2025-10-01,09:34:34.000,247.25,300.0,246.8,247.7,375.0
2025-10-01,09:34:35.000,248.1,225.0,247.75,248.45,75.0
2025-10-01,09:34:36.000,248.1,225.0,247.75,248.45,75.0
2025-10-01,09:34:37.000,248.05,225.0,247.65,248.45,75.0
2025-10-01,09:34:38.000,248.05,225.0,247.65,248.45,75.0
2025-10-01,09:34:39.000,248.0,150.0,247.6,248.4,75.0
2025-10-01,09:34:40.000,247.75,225.0,247.35,248.15,75.0
2025-10-01,09:34:41.000,247.75,225.0,247.35,248.15,75.0
2025-10-01,09:34:42.000,248.08,150.0,247.65,248.5,75.0
2025-10-01,09:34:43.000,247.85,150.0,247.45,248.25,300.0
2025-10-01,09:34:44.000,247.85,150.0,247.45,248.25,300.0
2025-10-01,09:34:45.000,247.48,300.0,247.05,247.9,300.0
2025-10-01,09:34:46.000,247.48,300.0,247.05,247.9,300.0
2025-10-01,09:34:47.000,247.4,375.0,247.0,247.8,300.0
2025-10-01,09:34:48.000,247.23,300.0,246.8,247.65,300.0
2025-10-01,09:34:49.000,247.23,300.0,246.8,247.65,300.0
2025-10-01,09:34:50.000,247.42,150.0,247.05,247.8,75.0
2025-10-01,09:34:51.000,247.42,150.0,247.05,247.8,75.0
2025-10-01,09:34:52.000,247.27,300.0,246.85,247.7,300.0
2025-10-01,09:34:53.000,247.12,225.0,246.75,247.5,300.0
2025-10-01,09:34:54.000,247.12,225.0,246.75,247.5,300.0
2025-10-01,09:34:55.000,246.98,375.0,246.55,247.4,600.0
2025-10-01,09:34:56.000,246.98,375.0,246.55,247.4,600.0
2025-10-01,09:34:57.000,247.4,300.0,247.0,247.8,300.0
2025-10-01,09:34:58.000,247.38,225.0,247.0,247.75,300.0
2025-10-01,09:34:59.000,247.38,225.0,247.0,247.75,300.0
2025-10-01,09:35:00.000,247.35,225.0,246.95,247.75,300.0
2025-10-01,09:35:01.000,247.35,225.0,246.95,247.75,300.0
2025-10-01,09:35:02.000,248.12,300.0,247.65,248.6,300.0
2025-10-01,09:35:03.000,248.6,525.0,248.2,249.0,150.0
2025-10-01,09:35:04.000,248.6,525.0,248.2,249.0,150.0
2025-10-01,09:35:05.000,249.08,300.0,248.6,249.55,300.0
2025-10-01,09:35:06.000,249.08,300.0,248.6,249.55,300.0
2025-10-01,09:35:07.000,249.38,225.0,248.9,249.85,300.0
2025-10-01,09:35:08.000,248.88,300.0,248.4,249.35,300.0
2025-10-01,09:35:09.000,248.88,300.0,248.4,249.35,300.0
2025-10-01,09:35:10.000,248.45,525.0,248.05,248.85,300.0
2025-10-01,09:35:11.000,248.45,525.0,248.05,248.85,300.0
2025-10-01,09:35:12.000,248.27,225.0,247.85,248.7,300.0
2025-10-01,09:35:13.000,248.32,225.0,247.85,248.8,525.0
2025-10-01,09:35:14.000,248.32,225.0,247.85,248.8,525.0
2025-10-01,09:35:15.000,248.45,225.0,248.0,248.9,375.0
2025-10-01,09:35:16.000,248.45,225.0,248.0,248.9,375.0
2025-10-01,09:35:17.000,248.42,300.0,248.0,248.85,525.0
2025-10-01,09:35:18.000,248.28,300.0,247.9,248.65,300.0
2025-10-01,09:35:19.000,248.28,300.0,247.9,248.65,300.0
2025-10-01,09:35:20.000,247.8,300.0,247.4,248.2,300.0
2025-10-01,09:35:21.000,247.8,300.0,247.4,248.2,300.0
2025-10-01,09:35:22.000,247.95,225.0,247.55,248.35,225.0
2025-10-01,09:35:23.000,248.12,300.0,247.75,248.5,225.0
2025-10-01,09:35:24.000,248.12,300.0,247.75,248.5,225.0
2025-10-01,09:35:25.000,248.15,150.0,247.75,248.55,225.0
2025-10-01,09:35:26.000,248.15,150.0,247.75,248.55,225.0
2025-10-01,09:35:27.000,248.25,225.0,247.8,248.7,300.0
2025-10-01,09:35:28.000,248.6,225.0,248.25,248.95,150.0
2025-10-01,09:35:29.000,248.6,225.0,248.25,248.95,150.0
2025-10-01,09:35:30.000,247.95,150.0,247.25,248.65,600.0
2025-10-01,09:35:31.000,247.95,150.0,247.25,248.65,600.0
2025-10-01,09:35:32.000,248.15,225.0,247.8,248.5,150.0
2025-10-01,09:35:33.000,248.22,300.0,247.75,248.7,150.0
2025-10-01,09:35:34.000,248.22,300.0,247.75,248.7,150.0
2025-10-01,09:35:35.000,248.2,450.0,247.75,248.65,150.0
2025-10-01,09:35:36.000,248.2,450.0,247.75,248.65,150.0
2025-10-01,09:35:37.000,247.82,225.0,247.45,248.2,150.0
2025-10-01,09:35:38.000,247.98,300.0,247.6,248.35,150.0
2025-10-01,09:35:39.000,247.98,300.0,247.6,248.35,150.0
2025-10-01,09:35:40.000,247.68,300.0,247.3,248.05,150.0
2025-10-01,09:35:41.000,247.68,300.0,247.3,248.05,150.0
2025-10-01,09:35:42.000,247.68,300.0,247.3,248.05,150.0
2025-10-01,09:35:43.000,247.4,225.0,247.0,247.8,150.0
2025-10-01,09:35:44.000,247.4,225.0,247.0,247.8,150.0
2025-10-01,09:35:45.000,248.12,450.0,247.65,248.6,450.0
2025-10-01,09:35:46.000,248.12,450.0,247.65,248.6,450.0
2025-10-01,09:35:47.000,247.88,150.0,247.5,248.25,150.0
2025-10-01,09:35:48.000,247.2,300.0,246.8,247.6,150.0
2025-10-01,09:35:49.000,247.2,300.0,246.8,247.6,150.0
2025-10-01,09:35:50.000,247.7,150.0,247.35,248.05,150.0
2025-10-01,09:35:51.000,247.7,150.0,247.35,248.05,150.0
2025-10-01,09:35:52.000,246.5,300.0,246.1,246.9,150.0
2025-10-01,09:35:53.000,246.1,525.0,245.65,246.55,225.0
2025-10-01,09:35:54.000,246.1,525.0,245.65,246.55,225.0
2025-10-01,09:35:55.000,246.32,300.0,245.85,246.8,675.0
2025-10-01,09:35:56.000,246.32,300.0,245.85,246.8,675.0
2025-10-01,09:35:57.000,246.0,225.0,245.6,246.4,225.0
2025-10-01,09:35:58.000,245.85,225.0,245.45,246.25,150.0
2025-10-01,09:35:59.000,245.85,225.0,245.45,246.25,150.0
2025-10-01,09:36:00.000,245.25,225.0,244.9,245.6,150.0
2025-10-01,09:36:01.000,245.25,225.0,244.9,245.6,150.0
2025-10-01,09:36:02.000,245.8,225.0,245.4,246.2,225.0
2025-10-01,09:36:03.000,246.8,225.0,246.4,247.2,75.0
2025-10-01,09:36:04.000,246.8,225.0,246.4,247.2,75.0
2025-10-01,09:36:05.000,247.25,150.0,246.85,247.65,300.0
2025-10-01,09:36:06.000,247.25,150.0,246.85,247.65,300.0
2025-10-01,09:36:07.000,247.25,225.0,246.9,247.6,75.0
2025-10-01,09:36:08.000,248.02,225.0,247.65,248.4,300.0
2025-10-01,09:36:09.000,248.02,225.0,247.65,248.4,300.0
2025-10-01,09:36:10.000,247.48,225.0,247.1,247.85,300.0
2025-10-01,09:36:11.000,247.48,225.0,247.1,247.85,300.0
2025-10-01,09:36:12.000,248.72,300.0,248.45,249.0,150.0
2025-10-01,09:36:13.000,249.25,225.0,248.9,249.6,75.0
2025-10-01,09:36:14.000,249.25,225.0,248.9,249.6,75.0
2025-10-01,09:36:15.000,248.88,225.0,248.5,249.25,150.0
2025-10-01,09:36:16.000,248.88,225.0,248.5,249.25,150.0
2025-10-01,09:36:17.000,249.15,150.0,248.75,249.55,75.0
2025-10-01,09:36:18.000,249.08,225.0,248.7,249.45,75.0
2025-10-01,09:36:19.000,249.08,225.0,248.7,249.45,75.0
2025-10-01,09:36:20.000,249.0,225.0,248.6,249.4,75.0
2025-10-01,09:36:21.000,249.0,225.0,248.6,249.4,75.0
2025-10-01,09:36:22.000,249.3,225.0,248.9,249.7,525.0
2025-10-01,09:36:23.000,248.42,375.0,248.0,248.85,75.0
2025-10-01,09:36:24.000,248.42,375.0,248.0,248.85,75.0
2025-10-01,09:36:25.000,248.85,375.0,248.45,249.25,75.0
2025-10-01,09:36:26.000,248.85,375.0,248.45,249.25,75.0
2025-10-01,09:36:27.000,248.58,300.0,248.2,248.95,75.0
2025-10-01,09:36:28.000,248.95,225.0,248.6,249.3,75.0
2025-10-01,09:36:29.000,248.95,225.0,248.6,249.3,75.0
2025-10-01,09:36:30.000,248.92,225.0,248.5,249.35,375.0
2025-10-01,09:36:31.000,248.92,225.0,248.5,249.35,375.0
2025-10-01,09:36:32.000,248.78,300.0,248.4,249.15,150.0
2025-10-01,09:36:33.000,249.2,225.0,248.8,249.6,150.0
2025-10-01,09:36:34.000,249.2,225.0,248.8,249.6,150.0
2025-10-01,09:36:35.000,249.65,225.0,249.35,249.95,150.0
2025-10-01,09:36:36.000,249.02,225.0,248.6,249.45,525.0
2025-10-01,09:36:37.000,249.02,225.0,248.6,249.45,525.0
2025-10-01,09:36:38.000,249.2,225.0,248.8,249.6,525.0
2025-10-01,09:36:39.000,249.2,225.0,248.8,249.6,525.0
2025-10-01,09:36:40.000,249.08,225.0,248.6,249.55,525.0
2025-10-01,09:36:41.000,249.65,225.0,249.35,249.95,150.0
2025-10-01,09:36:42.000,249.65,225.0,249.35,249.95,150.0
2025-10-01,09:36:43.000,250.08,225.0,249.65,250.5,150.0
2025-10-01,09:36:44.000,250.08,225.0,249.65,250.5,150.0
2025-10-01,09:36:45.000,250.02,375.0,249.55,250.5,150.0
2025-10-01,09:36:46.000,249.38,150.0,248.9,249.85,225.0
2025-10-01,09:36:47.000,249.38,150.0,248.9,249.85,225.0
2025-10-01,09:36:48.000,249.32,300.0,248.9,249.75,225.0
2025-10-01,09:36:49.000,249.32,300.0,248.9,249.75,225.0
2025-10-01,09:36:50.000,249.4,375.0,248.85,249.95,150.0
2025-10-01,09:36:51.000,249.23,150.0,248.8,249.65,150.0
2025-10-01,09:36:52.000,249.23,150.0,248.8,249.65,150.0
2025-10-01,09:36:53.000,249.5,225.0,249.1,249.9,525.0
2025-10-01,09:36:54.000,249.5,225.0,249.1,249.9,525.0
2025-10-01,09:36:55.000,249.3,225.0,248.95,249.65,150.0
2025-10-01,09:36:56.000,249.42,450.0,248.95,249.9,150.0
2025-10-01,09:36:57.000,249.42,450.0,248.95,249.9,150.0
2025-10-01,09:36:58.000,249.35,75.0,249.0,249.7,150.0
2025-10-01,09:36:59.000,249.35,75.0,249.0,249.7,150.0
2025-10-01,09:37:00.000,249.42,450.0,249.0,249.85,150.0
2025-10-01,09:37:01.000,248.88,225.0,248.5,249.25,150.0
2025-10-01,09:37:02.000,248.88,225.0,248.5,249.25,150.0
2025-10-01,09:37:03.000,248.75,225.0,248.4,249.1,150.0
2025-10-01,09:37:04.000,248.75,225.0,248.4,249.1,150.0
2025-10-01,09:37:05.000,248.98,300.0,248.55,249.4,150.0
2025-10-01,09:37:06.000,249.45,375.0,249.05,249.85,225.0
2025-10-01,09:37:07.000,249.45,375.0,249.05,249.85,225.0
2025-10-01,09:37:08.000,250.08,150.0,249.65,250.5,300.0
2025-10-01,09:37:09.000,250.08,150.0,249.65,250.5,300.0
2025-10-01,09:37:10.000,249.6,300.0,249.25,249.95,150.0
2025-10-01,09:37:11.000,249.58,300.0,249.05,250.1,525.0
2025-10-01,09:37:12.000,249.58,300.0,249.05,250.1,525.0
2025-10-01,09:37:13.000,249.62,225.0,249.25,250.0,150.0
2025-10-01,09:37:14.000,249.62,225.0,249.25,250.0,150.0
2025-10-01,09:37:15.000,249.82,225.0,249.45,250.2,300.0
2025-10-01,09:37:16.000,248.98,225.0,248.6,249.35,150.0
2025-10-01,09:37:17.000,248.98,225.0,248.6,249.35,150.0
2025-10-01,09:37:18.000,249.25,375.0,248.85,249.65,150.0
2025-10-01,09:37:19.000,249.1,225.0,248.75,249.45,150.0
2025-10-01,09:37:20.000,249.1,225.0,248.75,249.45,150.0
2025-10-01,09:37:21.000,249.38,450.0,249.0,249.75,300.0
2025-10-01,09:37:22.000,249.38,450.0,249.0,249.75,300.0
2025-10-01,09:37:23.000,249.42,225.0,249.05,249.8,300.0
2025-10-01,09:37:24.000,249.5,225.0,249.05,249.95,375.0
2025-10-01,09:37:25.000,249.5,225.0,249.05,249.95,375.0
2025-10-01,09:37:26.000,249.88,225.0,249.5,250.25,150.0
2025-10-01,09:37:27.000,249.88,225.0,249.5,250.25,150.0
2025-10-01,09:37:28.000,249.5,225.0,249.1,249.9,150.0
2025-10-01,09:37:29.000,250.2,225.0,249.8,250.6,300.0
2025-10-01,09:37:30.000,250.2,225.0,249.8,250.6,300.0
2025-10-01,09:37:31.000,249.95,225.0,249.55,250.35,300.0
2025-10-01,09:37:32.000,249.95,225.0,249.55,250.35,300.0
2025-10-01,09:37:33.000,249.65,300.0,249.3,250.0,300.0
2025-10-01,09:37:34.000,249.4,300.0,249.0,249.8,150.0
2025-10-01,09:37:35.000,249.4,300.0,249.0,249.8,150.0
2025-10-01,09:37:36.000,249.58,225.0,249.2,249.95,525.0
2025-10-01,09:37:37.000,249.58,225.0,249.2,249.95,525.0
2025-10-01,09:37:38.000,249.48,150.0,249.1,249.85,150.0
2025-10-01,09:37:39.000,249.2,300.0,248.8,249.6,150.0
2025-10-01,09:37:40.000,249.2,300.0,248.8,249.6,150.0
2025-10-01,09:37:41.000,249.42,150.0,249.0,249.85,150.0
2025-10-01,09:37:42.000,249.42,150.0,249.0,249.85,150.0
2025-10-01,09:37:43.000,249.62,525.0,249.25,250.0,150.0
2025-10-01,09:37:44.000,249.8,225.0,249.4,250.2,225.0
2025-10-01,09:37:45.000,249.8,225.0,249.4,250.2,225.0
2025-10-01,09:37:46.000,249.52,450.0,249.1,249.95,150.0
2025-10-01,09:37:47.000,249.52,450.0,249.1,249.95,150.0
2025-10-01,09:37:48.000,249.42,150.0,249.0,249.85,150.0
2025-10-01,09:37:49.000,249.98,225.0,249.5,250.45,225.0
2025-10-01,09:37:50.000,249.98,225.0,249.5,250.45,225.0
2025-10-01,09:37:51.000,249.72,225.0,249.45,250.0,150.0
2025-10-01,09:37:52.000,249.72,225.0,249.45,250.0,150.0
2025-10-01,09:37:53.000,249.58,225.0,249.15,250.0,525.0
2025-10-01,09:37:54.000,249.52,225.0,249.1,249.95,225.0
2025-10-01,09:37:55.000,249.52,225.0,249.1,249.95,225.0
2025-10-01,09:37:56.000,249.6,225.0,249.25,249.95,150.0
2025-10-01,09:37:57.000,249.6,225.0,249.25,249.95,150.0
2025-10-01,09:37:58.000,249.25,225.0,248.85,249.65,150.0
2025-10-01,09:37:59.000,249.15,225.0,248.75,249.55,225.0
2025-10-01,09:38:00.000,249.15,225.0,248.75,249.55,225.0
2025-10-01,09:38:01.000,248.88,225.0,248.5,249.25,150.0
2025-10-01,09:38:02.000,248.88,225.0,248.5,249.25,150.0
2025-10-01,09:38:03.000,248.68,225.0,248.25,249.1,150.0
2025-10-01,09:38:04.000,248.08,225.0,247.65,248.5,150.0
2025-10-01,09:38:05.000,248.08,225.0,247.65,248.5,150.0
2025-10-01,09:38:06.000,247.85,150.0,247.4,248.3,225.0
2025-10-01,09:38:07.000,247.8,225.0,247.3,248.3,225.0
2025-10-01,09:38:08.000,247.8,225.0,247.3,248.3,225.0
2025-10-01,09:38:09.000,248.45,150.0,248.05,248.85,150.0
2025-10-01,09:38:10.000,248.45,150.0,248.05,248.85,150.0
2025-10-01,09:38:11.000,248.02,150.0,247.55,248.5,150.0
2025-10-01,09:38:12.000,247.95,225.0,247.4,248.5,525.0
2025-10-01,09:38:13.000,247.95,225.0,247.4,248.5,525.0
2025-10-01,09:38:14.000,247.6,225.0,247.25,247.95,150.0
2025-10-01,09:38:15.000,247.6,225.0,247.25,247.95,150.0
2025-10-01,09:38:16.000,247.95,225.0,247.5,248.4,525.0
2025-10-01,09:38:17.000,247.92,225.0,247.5,248.35,225.0
2025-10-01,09:38:18.000,247.92,225.0,247.5,248.35,225.0
2025-10-01,09:38:19.000,248.6,225.0,248.25,248.95,150.0
2025-10-01,09:38:20.000,248.6,225.0,248.25,248.95,150.0
2025-10-01,09:38:21.000,248.98,225.0,248.55,249.4,450.0
2025-10-01,09:38:22.000,249.0,225.0,248.6,249.4,225.0
2025-10-01,09:38:23.000,249.0,225.0,248.6,249.4,225.0
2025-10-01,09:38:24.000,248.65,225.0,248.35,248.95,375.0
2025-10-01,09:38:25.000,248.65,225.0,248.35,248.95,375.0
2025-10-01,09:38:26.000,247.85,225.0,247.45,248.25,225.0
2025-10-01,09:38:27.000,246.78,525.0,246.4,247.15,75.0
2025-10-01,09:38:28.000,246.78,525.0,246.4,247.15,75.0
2025-10-01,09:38:29.000,246.85,225.0,246.45,247.25,375.0
2025-10-01,09:38:30.000,246.85,225.0,246.45,247.25,375.0
2025-10-01,09:38:31.000,247.3,225.0,246.9,247.7,375.0
2025-10-01,09:38:32.000,247.7,225.0,247.4,248.0,225.0
2025-10-01,09:38:33.000,247.7,225.0,247.4,248.0,225.0
2025-10-01,09:38:34.000,247.6,225.0,247.25,247.95,150.0
2025-10-01,09:38:35.000,247.6,225.0,247.25,247.95,150.0
2025-10-01,09:38:36.000,248.1,225.0,247.75,248.45,225.0
2025-10-01,09:38:37.000,248.1,225.0,247.75,248.45,225.0
2025-10-01,09:38:38.000,248.22,225.0,247.85,248.6,225.0
2025-10-01,09:38:39.000,248.5,150.0,248.05,248.95,225.0
2025-10-01,09:38:40.000,248.5,150.0,248.05,248.95,225.0
2025-10-01,09:38:41.000,248.45,225.0,248.05,248.85,150.0
2025-10-01,09:38:42.000,248.45,225.0,248.05,248.85,150.0
2025-10-01,09:38:43.000,247.9,225.0,247.5,248.3,225.0
2025-10-01,09:38:44.000,247.85,225.0,247.45,248.25,225.0
2025-10-01,09:38:45.000,247.85,225.0,247.45,248.25,225.0
2025-10-01,09:38:46.000,248.52,225.0,248.1,248.95,375.0
2025-10-01,09:38:47.000,248.52,225.0,248.1,248.95,375.0
2025-10-01,09:38:48.000,248.62,225.0,248.3,248.95,150.0
2025-10-01,09:38:49.000,248.6,225.0,248.25,248.95,150.0
2025-10-01,09:38:50.000,248.6,225.0,248.25,248.95,150.0
2025-10-01,09:38:51.000,248.65,225.0,248.3,249.0,150.0
2025-10-01,09:38:52.000,248.65,225.0,248.3,249.0,150.0
2025-10-01,09:38:53.000,248.6,225.0,248.25,248.95,225.0
2025-10-01,09:38:54.000,248.22,300.0,247.85,248.6,225.0
2025-10-01,09:38:55.000,248.22,300.0,247.85,248.6,225.0
2025-10-01,09:38:56.000,248.05,525.0,247.6,248.5,225.0
2025-10-01,09:38:57.000,248.05,525.0,247.6,248.5,225.0
2025-10-01,09:38:58.000,247.7,225.0,247.4,248.0,150.0
2025-10-01,09:38:59.000,247.82,225.0,247.5,248.15,150.0
2025-10-01,09:39:00.000,247.82,225.0,247.5,248.15,150.0
2025-10-01,09:39:01.000,248.22,300.0,247.85,248.6,150.0
2025-10-01,09:39:02.000,247.6,225.0,247.25,247.95,150.0
2025-10-01,09:39:03.000,247.6,225.0,247.25,247.95,150.0
2025-10-01,09:39:04.000,247.58,300.0,247.25,247.9,75.0
2025-10-01,09:39:05.000,247.58,300.0,247.25,247.9,75.0
2025-10-01,09:39:06.000,247.82,300.0,247.4,248.25,600.0
2025-10-01,09:39:07.000,248.6,225.0,248.25,248.95,150.0
2025-10-01,09:39:08.000,248.6,225.0,248.25,248.95,150.0
2025-10-01,09:39:09.000,248.18,225.0,247.8,248.55,225.0
2025-10-01,09:39:10.000,248.18,225.0,247.8,248.55,225.0
2025-10-01,09:39:11.000,248.32,225.0,247.95,248.7,375.0
2025-10-01,09:39:12.000,248.38,375.0,248.0,248.75,225.0
2025-10-01,09:39:13.000,248.38,375.0,248.0,248.75,225.0
2025-10-01,09:39:14.000,248.7,375.0,248.4,249.0,150.0
2025-10-01,09:39:15.000,248.7,375.0,248.4,249.0,150.0
2025-10-01,09:39:16.000,248.9,225.0,248.55,249.25,300.0
2025-10-01,09:39:17.000,249.65,225.0,249.4,249.9,75.0
2025-10-01,09:39:18.000,249.65,225.0,249.4,249.9,75.0
2025-10-01,09:39:19.000,249.62,75.0,249.3,249.95,450.0
2025-10-01,09:39:20.000,249.62,75.0,249.3,249.95,450.0
2025-10-01,09:39:21.000,249.52,225.0,249.15,249.9,225.0
2025-10-01,09:39:22.000,249.25,300.0,248.85,249.65,300.0
2025-10-01,09:39:23.000,249.25,300.0,248.85,249.65,300.0
2025-10-01,09:39:24.000,249.38,225.0,249.0,249.75,675.0
2025-10-01,09:39:25.000,249.38,225.0,249.0,249.75,675.0
2025-10-01,09:39:26.000,249.45,300.0,249.1,249.8,150.0
2025-10-01,09:39:27.000,249.65,225.0,249.3,250.0,150.0
2025-10-01,09:39:28.000,249.65,225.0,249.3,250.0,150.0
2025-10-01,09:39:29.000,250.02,225.0,249.7,250.35,225.0
2025-10-01,09:39:30.000,250.02,225.0,249.7,250.35,225.0
2025-10-01,09:39:31.000,251.1,225.0,250.65,251.55,225.0
2025-10-01,09:39:32.000,251.05,375.0,250.6,251.5,225.0
2025-10-01,09:39:33.000,251.05,375.0,250.6,251.5,225.0
2025-10-01,09:39:34.000,251.22,375.0,250.85,251.6,150.0
2025-10-01,09:39:35.000,251.22,375.0,250.85,251.6,150.0
2025-10-01,09:39:36.000,250.92,150.0,250.5,251.35,225.0
2025-10-01,09:39:37.000,250.48,300.0,250.1,250.85,150.0
2025-10-01,09:39:38.000,250.48,300.0,250.1,250.85,150.0
2025-10-01,09:39:39.000,250.52,225.0,250.15,250.9,150.0
2025-10-01,09:39:40.000,250.52,225.0,250.15,250.9,150.0
2025-10-01,09:39:41.000,250.82,225.0,250.45,251.2,150.0
2025-10-01,09:39:42.000,251.05,300.0,250.65,251.45,150.0
2025-10-01,09:39:43.000,251.05,300.0,250.65,251.45,150.0
2025-10-01,09:39:44.000,251.28,225.0,250.9,251.65,375.0
2025-10-01,09:39:45.000,250.88,225.0,250.5,251.25,150.0
2025-10-01,09:39:46.000,250.88,225.0,250.5,251.25,150.0
2025-10-01,09:39:47.000,251.1,225.0,250.7,251.5,225.0
2025-10-01,09:39:48.000,251.1,225.0,250.7,251.5,225.0
2025-10-01,09:39:49.000,250.92,525.0,250.55,251.3,150.0
2025-10-01,09:39:50.000,250.88,300.0,250.45,251.3,150.0
2025-10-01,09:39:51.000,250.88,300.0,250.45,251.3,150.0
2025-10-01,09:39:52.000,251.18,300.0,250.8,251.55,150.0
2025-10-01,09:39:53.000,251.18,300.0,250.8,251.55,150.0
2025-10-01,09:39:54.000,250.6,225.0,250.25,250.95,150.0
2025-10-01,09:39:55.000,250.92,225.0,250.55,251.3,225.0
2025-10-01,09:39:56.000,250.92,225.0,250.55,251.3,225.0
2025-10-01,09:39:57.000,250.52,300.0,250.15,250.9,150.0
2025-10-01,09:39:58.000,250.52,300.0,250.15,250.9,150.0
2025-10-01,09:39:59.000,250.3,300.0,249.9,250.7,150.0
2025-10-01,09:40:00.000,250.42,300.0,250.05,250.8,375.0
2025-10-01,09:40:01.000,250.42,300.0,250.05,250.8,375.0
2025-10-01,09:40:02.000,250.75,225.0,250.35,251.15,375.0
2025-10-01,09:40:03.000,250.75,225.0,250.35,251.15,375.0
2025-10-01,09:40:04.000,250.02,150.0,249.6,250.45,150.0
2025-10-01,09:40:05.000,250.12,225.0,249.7,250.55,150.0
2025-10-01,09:40:06.000,250.12,225.0,249.7,250.55,150.0
2025-10-01,09:40:07.000,250.7,225.0,250.4,251.0,150.0
2025-10-01,09:40:08.000,250.7,225.0,250.4,251.0,150.0
2025-10-01,09:40:09.000,250.4,300.0,250.05,250.75,150.0
2025-10-01,09:40:10.000,250.42,300.0,250.1,250.75,150.0
2025-10-01,09:40:11.000,250.42,300.0,250.1,250.75,150.0
2025-10-01,09:40:12.000,250.55,300.0,250.1,251.0,600.0
2025-10-01,09:40:13.000,249.85,225.0,249.45,250.25,225.0
2025-10-01,09:40:14.000,249.85,225.0,249.45,250.25,225.0
2025-10-01,09:40:15.000,249.55,300.0,249.15,249.95,150.0
2025-10-01,09:40:16.000,249.55,300.0,249.15,249.95,150.0
2025-10-01,09:40:17.000,249.75,225.0,249.4,250.1,150.0
2025-10-01,09:40:18.000,249.6,225.0,249.25,249.95,300.0
2025-10-01,09:40:19.000,249.6,225.0,249.25,249.95,300.0
2025-10-01,09:40:20.000,249.68,525.0,249.3,250.05,225.0
2025-10-01,09:40:21.000,249.68,525.0,249.3,250.05,225.0
2025-10-01,09:40:22.000,249.85,225.0,249.45,250.25,375.0
2025-10-01,09:40:23.000,249.3,525.0,248.9,249.7,150.0
2025-10-01,09:40:24.000,249.3,525.0,248.9,249.7,150.0
2025-10-01,09:40:25.000,249.05,225.0,248.7,249.4,225.0
2025-10-01,09:40:26.000,249.05,225.0,248.7,249.4,225.0
2025-10-01,09:40:27.000,249.77,225.0,249.35,250.2,225.0
2025-10-01,09:40:28.000,249.3,225.0,248.95,249.65,225.0
2025-10-01,09:40:29.000,249.3,225.0,248.95,249.65,225.0
2025-10-01,09:40:30.000,249.18,225.0,248.85,249.5,150.0
2025-10-01,09:40:31.000,249.18,225.0,248.85,249.5,150.0
2025-10-01,09:40:32.000,249.12,225.0,248.7,249.55,375.0
2025-10-01,09:40:33.000,248.77,225.0,248.45,249.1,150.0
2025-10-01,09:40:34.000,248.77,225.0,248.45,249.1,150.0
2025-10-01,09:40:35.000,249.02,225.0,248.7,249.35,150.0
2025-10-01,09:40:36.000,249.02,225.0,248.7,249.35,150.0
2025-10-01,09:40:37.000,248.95,225.0,248.65,249.25,75.0
2025-10-01,09:40:38.000,248.7,225.0,248.35,249.05,75.0
2025-10-01,09:40:39.000,248.7,225.0,248.35,249.05,75.0
2025-10-01,09:40:40.000,248.85,525.0,248.45,249.25,225.0
2025-10-01,09:40:41.000,248.85,525.0,248.45,249.25,225.0
2025-10-01,09:40:42.000,248.48,225.0,248.1,248.85,150.0
2025-10-01,09:40:43.000,248.02,300.0,247.6,248.45,150.0
2025-10-01,09:40:44.000,248.02,300.0,247.6,248.45,150.0
2025-10-01,09:40:45.000,248.02,675.0,247.6,248.45,225.0
2025-10-01,09:40:46.000,248.02,675.0,247.6,248.45,225.0
2025-10-01,09:40:47.000,249.42,375.0,248.9,249.95,225.0
2025-10-01,09:40:48.000,250.2,525.0,249.8,250.6,375.0
2025-10-01,09:40:49.000,250.2,525.0,249.8,250.6,375.0
2025-10-01,09:40:50.000,250.18,225.0,249.8,250.55,225.0
2025-10-01,09:40:51.000,250.18,225.0,249.8,250.55,225.0
2025-10-01,09:40:52.000,250.0,300.0,249.65,250.35,225.0
2025-10-01,09:40:53.000,250.08,525.0,249.7,250.45,225.0
2025-10-01,09:40:54.000,250.08,525.0,249.7,250.45,225.0
2025-10-01,09:40:55.000,250.52,300.0,250.1,250.95,375.0
2025-10-01,09:40:56.000,250.52,300.0,250.1,250.95,375.0
2025-10-01,09:40:57.000,250.45,225.0,250.1,250.8,375.0
2025-10-01,09:40:58.000,250.27,225.0,249.85,250.7,450.0
2025-10-01,09:40:59.000,250.27,225.0,249.85,250.7,450.0
2025-10-01,09:41:00.000,250.38,375.0,250.0,250.75,225.0
2025-10-01,09:41:01.000,250.38,375.0,250.0,250.75,225.0
2025-10-01,09:41:02.000,250.98,150.0,250.7,251.25,75.0
2025-10-01,09:41:03.000,251.65,300.0,251.3,252.0,150.0
2025-10-01,09:41:04.000,251.65,300.0,251.3,252.0,150.0
2025-10-01,09:41:05.000,252.0,525.0,251.6,252.4,150.0
2025-10-01,09:41:06.000,252.0,525.0,251.6,252.4,150.0
2025-10-01,09:41:07.000,251.85,300.0,251.45,252.25,225.0
2025-10-01,09:41:08.000,251.3,150.0,250.95,251.65,150.0
2025-10-01,09:41:09.000,251.3,150.0,250.95,251.65,150.0
2025-10-01,09:41:10.000,251.7,225.0,251.4,252.0,225.0
2025-10-01,09:41:11.000,251.7,225.0,251.4,252.0,225.0
2025-10-01,09:41:12.000,252.4,300.0,252.0,252.8,225.0
2025-10-01,09:41:13.000,252.65,450.0,252.3,253.0,150.0
2025-10-01,09:41:14.000,252.65,450.0,252.3,253.0,150.0
2025-10-01,09:41:15.000,252.68,525.0,252.35,253.0,150.0
2025-10-01,09:41:16.000,252.68,525.0,252.35,253.0,150.0
2025-10-01,09:41:17.000,252.8,150.0,252.45,253.15,150.0
2025-10-01,09:41:18.000,252.48,225.0,252.1,252.85,150.0
2025-10-01,09:41:19.000,252.48,225.0,252.1,252.85,150.0
2025-10-01,09:41:20.000,252.52,375.0,252.1,252.95,450.0
2025-10-01,09:41:21.000,252.52,375.0,252.1,252.95,450.0
2025-10-01,09:41:22.000,252.48,225.0,252.1,252.85,150.0
2025-10-01,09:41:23.000,252.52,225.0,252.1,252.95,225.0
2025-10-01,09:41:24.000,252.52,225.0,252.1,252.95,225.0
2025-10-01,09:41:25.000,252.02,225.0,251.65,252.4,150.0
2025-10-01,09:41:26.000,252.02,225.0,251.65,252.4,150.0
2025-10-01,09:41:27.000,251.38,150.0,250.95,251.8,150.0
2025-10-01,09:41:28.000,251.62,225.0,251.3,251.95,150.0
2025-10-01,09:41:29.000,251.62,225.0,251.3,251.95,150.0
2025-10-01,09:41:30.000,251.62,225.0,251.25,252.0,300.0
2025-10-01,09:41:31.000,251.62,225.0,251.25,252.0,300.0
2025-10-01,09:41:32.000,251.6,225.0,251.25,251.95,150.0
2025-10-01,09:41:33.000,251.1,225.0,250.7,251.5,375.0
2025-10-01,09:41:34.000,251.1,225.0,250.7,251.5,375.0
2025-10-01,09:41:35.000,251.28,225.0,250.9,251.65,150.0
2025-10-01,09:41:36.000,251.28,225.0,250.9,251.65,150.0
2025-10-01,09:41:37.000,251.42,225.0,251.05,251.8,150.0
2025-10-01,09:41:38.000,251.18,525.0,250.8,251.55,225.0
2025-10-01,09:41:39.000,251.18,525.0,250.8,251.55,225.0
2025-10-01,09:41:40.000,251.58,225.0,251.2,251.95,150.0
2025-10-01,09:41:41.000,251.58,225.0,251.2,251.95,150.0
2025-10-01,09:41:42.000,251.95,225.0,251.5,252.4,225.0
2025-10-01,09:41:43.000,251.88,525.0,251.45,252.3,375.0
2025-10-01,09:41:44.000,251.88,525.0,251.45,252.3,375.0
2025-10-01,09:41:45.000,251.55,225.0,251.15,251.95,150.0
2025-10-01,09:41:46.000,251.4,225.0,251.05,251.75,150.0
2025-10-01,09:41:47.000,251.4,225.0,251.05,251.75,150.0
2025-10-01,09:41:48.000,251.6,225.0,251.25,251.95,150.0
2025-10-01,09:41:49.000,251.6,225.0,251.25,251.95,150.0
2025-10-01,09:41:50.000,251.55,525.0,251.15,251.95,150.0
2025-10-01,09:41:51.000,251.42,225.0,251.05,251.8,225.0
2025-10-01,09:41:52.000,251.42,225.0,251.05,251.8,225.0
2025-10-01,09:41:53.000,251.55,150.0,251.15,251.95,450.0
2025-10-01,09:41:54.000,251.55,150.0,251.15,251.95,450.0
2025-10-01,09:41:55.000,252.08,150.0,251.65,252.5,150.0
2025-10-01,09:41:56.000,250.9,225.0,250.4,251.4,150.0
2025-10-01,09:41:57.000,250.9,225.0,250.4,251.4,150.0
2025-10-01,09:41:58.000,251.55,225.0,251.15,251.95,150.0
2025-10-01,09:41:59.000,251.55,225.0,251.15,251.95,150.0
2025-10-01,09:42:00.000,251.4,225.0,250.9,251.9,150.0
2025-10-01,09:42:01.000,251.75,150.0,251.5,252.0,150.0
2025-10-01,09:42:02.000,251.75,150.0,251.5,252.0,150.0
2025-10-01,09:42:03.000,251.65,300.0,251.3,252.0,150.0
2025-10-01,09:42:04.000,251.65,300.0,251.3,252.0,150.0
2025-10-01,09:42:05.000,251.38,150.0,251.0,251.75,150.0
2025-10-01,09:42:06.000,251.58,225.0,251.2,251.95,150.0
2025-10-01,09:42:07.000,251.58,225.0,251.2,251.95,150.0
2025-10-01,09:42:08.000,251.72,225.0,251.45,252.0,150.0
2025-10-01,09:42:09.000,251.72,225.0,251.45,252.0,150.0
2025-10-01,09:42:10.000,251.88,225.0,251.5,252.25,150.0
2025-10-01,09:42:11.000,251.77,225.0,251.35,252.2,375.0
2025-10-01,09:42:12.000,251.77,225.0,251.35,252.2,375.0
2025-10-01,09:42:13.000,251.95,225.0,251.6,252.3,375.0
2025-10-01,09:42:14.000,251.95,225.0,251.6,252.3,375.0
2025-10-01,09:42:15.000,251.85,225.0,251.45,252.25,225.0
2025-10-01,09:42:16.000,251.27,225.0,250.85,251.7,150.0
2025-10-01,09:42:17.000,251.27,225.0,250.85,251.7,150.0
2025-10-01,09:42:18.000,252.02,450.0,251.6,252.45,150.0
2025-10-01,09:42:19.000,252.02,450.0,251.6,252.45,150.0
2025-10-01,09:42:20.000,252.02,225.0,251.6,252.45,450.0
2025-10-01,09:42:21.000,252.15,525.0,251.7,252.6,150.0
2025-10-01,09:42:22.000,252.15,525.0,251.7,252.6,150.0
2025-10-01,09:42:23.000,253.52,150.0,253.1,253.95,225.0
2025-10-01,09:42:24.000,253.52,150.0,253.1,253.95,225.0
2025-10-01,09:42:25.000,253.85,450.0,253.4,254.3,375.0
2025-10-01,09:42:26.000,254.15,150.0,253.7,254.6,225.0
2025-10-01,09:42:27.000,254.15,150.0,253.7,254.6,225.0
2025-10-01,09:42:28.000,254.28,375.0,253.9,254.65,225.0
2025-10-01,09:42:29.000,254.28,375.0,253.9,254.65,225.0
2025-10-01,09:42:30.000,253.78,300.0,253.4,254.15,225.0
2025-10-01,09:42:31.000,253.42,300.0,253.0,253.85,375.0
2025-10-01,09:42:32.000,253.42,300.0,253.0,253.85,375.0
2025-10-01,09:42:33.000,253.9,300.0,253.45,254.35,600.0
2025-10-01,09:42:34.000,253.9,300.0,253.45,254.35,600.0
2025-10-01,09:42:35.000,254.25,150.0,253.9,254.6,150.0
2025-10-01,09:42:36.000,253.65,600.0,253.2,254.1,150.0
2025-10-01,09:42:37.000,253.65,600.0,253.2,254.1,150.0
2025-10-01,09:42:38.000,253.58,375.0,253.15,254.0,300.0
2025-10-01,09:42:39.000,253.58,375.0,253.15,254.0,300.0
2025-10-01,09:42:40.000,254.12,675.0,253.7,254.55,225.0
2025-10-01,09:42:41.000,254.7,150.0,254.4,255.0,150.0
2025-10-01,09:42:42.000,254.7,150.0,254.4,255.0,150.0
2025-10-01,09:42:43.000,254.42,75.0,254.05,254.8,150.0
2025-10-01,09:42:44.000,254.42,75.0,254.05,254.8,150.0
2025-10-01,09:42:45.000,254.18,375.0,253.8,254.55,225.0
2025-10-01,09:42:46.000,254.55,150.0,254.2,254.9,150.0
2025-10-01,09:42:47.000,254.55,150.0,254.2,254.9,150.0
2025-10-01,09:42:48.000,254.78,75.0,254.55,255.0,150.0
2025-10-01,09:42:49.000,254.78,75.0,254.55,255.0,150.0
2025-10-01,09:42:50.000,253.8,450.0,253.35,254.25,150.0
2025-10-01,09:42:51.000,253.9,225.0,253.55,254.25,225.0
2025-10-01,09:42:52.000,253.9,225.0,253.55,254.25,225.0
2025-10-01,09:42:53.000,254.32,75.0,254.0,254.65,375.0
2025-10-01,09:42:54.000,254.15,150.0,253.8,254.5,150.0
2025-10-01,09:42:55.000,254.15,150.0,253.8,254.5,150.0
2025-10-01,09:42:56.000,253.48,225.0,253.15,253.8,150.0
2025-10-01,09:42:57.000,253.48,225.0,253.15,253.8,150.0
2025-10-01,09:42:58.000,253.78,525.0,253.4,254.15,150.0
2025-10-01,09:42:59.000,253.78,525.0,253.4,254.15,150.0
2025-10-01,09:43:00.000,253.88,150.0,253.55,254.2,150.0
2025-10-01,09:43:01.000,253.85,150.0,253.5,254.2,150.0
2025-10-01,09:43:02.000,253.85,150.0,253.5,254.2,150.0
2025-10-01,09:43:03.000,253.82,225.0,253.45,254.2,225.0
2025-10-01,09:43:04.000,253.82,225.0,253.45,254.2,225.0
2025-10-01,09:43:05.000,253.5,300.0,253.1,253.9,375.0
2025-10-01,09:43:06.000,253.38,450.0,253.0,253.75,150.0
2025-10-01,09:43:07.000,253.38,450.0,253.0,253.75,150.0
2025-10-01,09:43:08.000,253.52,225.0,253.15,253.9,300.0
2025-10-01,09:43:09.000,253.52,225.0,253.15,253.9,300.0
2025-10-01,09:43:10.000,253.38,600.0,253.0,253.75,150.0
2025-10-01,09:43:11.000,253.27,525.0,252.85,253.7,300.0
2025-10-01,09:43:12.000,253.27,525.0,252.85,253.7,300.0
2025-10-01,09:43:13.000,253.52,225.0,253.15,253.9,150.0
2025-10-01,09:43:14.000,253.52,225.0,253.15,253.9,150.0
2025-10-01,09:43:15.000,253.32,225.0,252.95,253.7,150.0
2025-10-01,09:43:16.000,253.42,300.0,253.0,253.85,300.0
2025-10-01,09:43:17.000,253.42,300.0,253.0,253.85,300.0
2025-10-01,09:43:18.000,253.88,600.0,253.5,254.25,150.0
2025-10-01,09:43:19.000,253.88,600.0,253.5,254.25,150.0
2025-10-01,09:43:20.000,254.15,150.0,253.85,254.45,150.0
2025-10-01,09:43:21.000,254.85,150.0,254.45,255.25,150.0
2025-10-01,09:43:22.000,254.85,150.0,254.45,255.25,150.0
2025-10-01,09:43:23.000,255.32,225.0,254.9,255.75,150.0
2025-10-01,09:43:24.000,255.32,225.0,254.9,255.75,150.0
2025-10-01,09:43:25.000,255.05,375.0,254.65,255.45,150.0
2025-10-01,09:43:26.000,255.48,225.0,255.0,255.95,150.0
2025-10-01,09:43:27.000,255.48,225.0,255.0,255.95,150.0
2025-10-01,09:43:28.000,255.38,225.0,254.95,255.8,150.0
2025-10-01,09:43:29.000,255.38,225.0,254.95,255.8,150.0
2025-10-01,09:43:30.000,254.92,150.0,254.5,255.35,150.0
2025-10-01,09:43:31.000,254.1,150.0,253.7,254.5,150.0
2025-10-01,09:43:32.000,254.1,150.0,253.7,254.5,150.0
2025-10-01,09:43:33.000,254.0,150.0,253.6,254.4,150.0
2025-10-01,09:43:34.000,254.0,150.0,253.6,254.4,150.0
2025-10-01,09:43:35.000,254.2,225.0,253.8,254.6,150.0
2025-10-01,09:43:36.000,254.22,225.0,253.85,254.6,150.0
2025-10-01,09:43:37.000,254.22,225.0,253.85,254.6,150.0
2025-10-01,09:43:38.000,253.62,150.0,253.25,254.0,150.0
2025-10-01,09:43:39.000,253.62,150.0,253.25,254.0,150.0
2025-10-01,09:43:40.000,253.58,300.0,253.2,253.95,225.0
2025-10-01,09:43:41.000,253.45,300.0,253.05,253.85,150.0
2025-10-01,09:43:42.000,253.45,300.0,253.05,253.85,150.0
2025-10-01,09:43:43.000,253.3,525.0,252.85,253.75,375.0
2025-10-01,09:43:44.000,253.3,525.0,252.85,253.75,375.0
2025-10-01,09:43:45.000,254.1,225.0,253.7,254.5,150.0
2025-10-01,09:43:46.000,254.38,225.0,253.95,254.8,225.0
2025-10-01,09:43:47.000,254.38,225.0,253.95,254.8,225.0
2025-10-01,09:43:48.000,255.4,225.0,254.95,255.85,225.0
2025-10-01,09:43:49.000,255.4,225.0,254.95,255.85,225.0
2025-10-01,09:43:50.000,255.5,225.0,255.15,255.85,225.0
2025-10-01,09:43:51.000,255.2,600.0,254.8,255.6,150.0
2025-10-01,09:43:52.000,255.2,600.0,254.8,255.6,150.0
2025-10-01,09:43:53.000,254.9,225.0,254.5,255.3,225.0
2025-10-01,09:43:54.000,254.9,225.0,254.5,255.3,225.0
2025-10-01,09:43:55.000,254.9,450.0,254.5,255.3,225.0
2025-10-01,09:43:56.000,256.3,225.0,255.95,256.65,225.0
2025-10-01,09:43:57.000,256.3,225.0,255.95,256.65,225.0
2025-10-01,09:43:58.000,257.6,300.0,257.1,258.1,150.0
2025-10-01,09:43:59.000,257.6,300.0,257.1,258.1,150.0
2025-10-01,09:44:00.000,257.7,225.0,257.25,258.15,150.0
2025-10-01,09:44:01.000,257.42,300.0,256.95,257.9,225.0
2025-10-01,09:44:02.000,257.42,300.0,256.95,257.9,225.0
2025-10-01,09:44:03.000,257.32,300.0,256.9,257.75,150.0
2025-10-01,09:44:04.000,257.32,300.0,256.9,257.75,150.0
2025-10-01,09:44:05.000,257.62,675.0,257.2,258.05,150.0
2025-10-01,09:44:06.000,258.58,225.0,258.15,259.0,375.0
2025-10-01,09:44:07.000,258.58,225.0,258.15,259.0,375.0
2025-10-01,09:44:08.000,258.6,300.0,258.2,259.0,225.0
2025-10-01,09:44:09.000,258.6,300.0,258.2,259.0,225.0
2025-10-01,09:44:10.000,258.45,525.0,258.0,258.9,150.0
2025-10-01,09:44:11.000,258.35,150.0,257.95,258.75,150.0
2025-10-01,09:44:12.000,258.35,150.0,257.95,258.75,150.0
2025-10-01,09:44:13.000,258.45,300.0,258.05,258.85,150.0
2025-10-01,09:44:14.000,258.45,300.0,258.05,258.85,150.0
2025-10-01,09:44:15.000,258.75,225.0,258.3,259.2,150.0
2025-10-01,09:44:16.000,258.98,375.0,258.55,259.4,150.0
2025-10-01,09:44:17.000,258.98,375.0,258.55,259.4,150.0
2025-10-01,09:44:18.000,259.68,300.0,259.35,260.0,150.0
2025-10-01,09:44:19.000,259.68,300.0,259.35,260.0,150.0
2025-10-01,09:44:20.000,259.62,375.0,259.25,260.0,225.0
2025-10-01,09:44:21.000,260.15,225.0,259.55,260.75,150.0
2025-10-01,09:44:22.000,260.15,225.0,259.55,260.75,150.0
2025-10-01,09:44:23.000,259.98,300.0,259.45,260.5,450.0
2025-10-01,09:44:24.000,259.98,300.0,259.45,260.5,450.0
2025-10-01,09:44:25.000,260.2,525.0,259.7,260.7,300.0
2025-10-01,09:44:26.000,260.65,150.0,260.3,261.0,150.0
2025-10-01,09:44:27.000,260.65,150.0,260.3,261.0,150.0
2025-10-01,09:44:28.000,261.5,225.0,261.1,261.9,150.0
2025-10-01,09:44:29.000,261.5,225.0,261.1,261.9,150.0
2025-10-01,09:44:30.000,261.05,150.0,260.65,261.45,150.0
2025-10-01,09:44:31.000,261.25,300.0,260.85,261.65,150.0
2025-10-01,09:44:32.000,261.25,300.0,260.85,261.65,150.0
2025-10-01,09:44:33.000,260.75,225.0,260.3,261.2,150.0
2025-10-01,09:44:34.000,260.75,225.0,260.3,261.2,150.0
2025-10-01,09:44:35.000,260.52,300.0,260.1,260.95,300.0
2025-10-01,09:44:36.000,260.85,525.0,260.4,261.3,150.0
2025-10-01,09:44:37.000,260.85,525.0,260.4,261.3,150.0
2025-10-01,09:44:38.000,260.27,75.0,260.0,260.55,150.0
2025-10-01,09:44:39.000,260.27,75.0,260.0,260.55,150.0
2025-10-01,09:44:40.000,259.6,150.0,259.2,260.0,225.0
2025-10-01,09:44:41.000,259.42,300.0,258.9,259.95,300.0
2025-10-01,09:44:42.000,259.42,300.0,258.9,259.95,300.0
2025-10-01,09:44:43.000,259.38,375.0,258.85,259.9,450.0
2025-10-01,09:44:44.000,259.38,375.0,258.85,259.9,450.0
2025-10-01,09:44:45.000,259.45,600.0,258.95,259.95,225.0
2025-10-01,09:44:46.000,260.52,225.0,260.05,261.0,150.0
2025-10-01,09:44:47.000,260.52,225.0,260.05,261.0,150.0
2025-10-01,09:44:48.000,261.02,675.0,260.55,261.5,225.0
2025-10-01,09:44:49.000,261.02,675.0,260.55,261.5,225.0
2025-10-01,09:44:50.000,260.68,825.0,260.35,261.0,150.0
2025-10-01,09:44:51.000,260.42,225.0,259.95,260.9,225.0
2025-10-01,09:44:52.000,260.42,225.0,259.95,260.9,225.0
2025-10-01,09:44:53.000,259.98,600.0,259.45,260.5,375.0
2025-10-01,09:44:54.000,259.98,600.0,259.45,260.5,375.0
2025-10-01,09:44:55.000,260.0,300.0,259.45,260.55,450.0
2025-10-01,09:44:56.000,259.85,225.0,259.45,260.25,150.0
2025-10-01,09:44:57.000,259.85,225.0,259.45,260.25,150.0
2025-10-01,09:44:58.000,259.77,225.0,259.4,260.15,150.0
2025-10-01,09:44:59.000,259.77,225.0,259.4,260.15,150.0
2025-10-01,09:45:00.000,259.77,225.0,259.4,260.15,150.0
