Date,Time,MID_PRICE,BID_SIZE,BID_PRICE,ASK_PRICE,ASK_SIZE
2025-10-01,09:15:00.000,444.45,75.0,435.15,453.75,150.0
2025-10-01,09:15:01.000,435.92,225.0,431.8,440.05,225.0
2025-10-01,09:15:02.000,435.92,225.0,431.8,440.05,225.0
2025-10-01,09:15:03.000,437.82,150.0,431.9,443.75,225.0
2025-10-01,09:15:04.000,436.95,225.0,435.15,438.75,225.0
2025-10-01,09:15:05.000,438.83,225.0,437.05,440.6,225.0
2025-10-01,09:15:06.000,438.83,225.0,437.05,440.6,225.0
2025-10-01,09:15:07.000,439.95,150.0,438.05,441.85,150.0
2025-10-01,09:15:08.000,442.45,225.0,441.05,443.85,225.0
2025-10-01,09:15:09.000,442.9,225.0,442.05,443.75,150.0
2025-10-01,09:15:10.000,442.9,225.0,442.05,443.75,150.0
2025-10-01,09:15:11.000,442.78,225.0,442.05,443.5,150.0
2025-10-01,09:15:12.000,442.33,225.0,441.05,443.6,75.0
2025-10-01,09:15:13.000,445.22,225.0,444.25,446.2,225.0
2025-10-01,09:15:14.000,446.72,150.0,446.0,447.45,150.0
2025-10-01,09:15:15.000,445.48,225.0,444.75,446.2,75.0
2025-10-01,09:15:16.000,445.48,225.0,444.75,446.2,75.0
2025-10-01,09:15:17.000,445.0,375.0,443.55,446.45,150.0
2025-10-01,09:15:18.000,448.1,75.0,447.35,448.85,225.0
2025-10-01,09:15:19.000,446.92,225.0,446.3,447.55,150.0
2025-10-01,09:15:20.000,446.92,225.0,446.3,447.55,150.0
2025-10-01,09:15:21.000,445.85,75.0,445.55,446.15,300.0
2025-10-01,09:15:22.000,445.58,225.0,445.1,446.05,75.0
2025-10-01,09:15:23.000,444.88,75.0,444.1,445.65,75.0
2025-10-01,09:15:24.000,444.88,75.0,444.1,445.65,75.0
2025-10-01,09:15:25.000,443.7,225.0,442.95,444.45,75.0
2025-10-01,09:15:26.000,444.95,75.0,444.3,445.6,75.0
2025-10-01,09:15:27.000,442.92,225.0,442.25,443.6,150.0
2025-10-01,09:15:28.000,442.92,225.0,442.25,443.6,150.0
2025-10-01,09:15:29.000,442.52,75.0,442.05,443.0,225.0
2025-10-01,09:15:30.000,442.68,150.0,441.8,443.55,75.0
2025-10-01,09:15:31.000,441.98,75.0,441.45,442.5,150.0
2025-10-01,09:15:32.000,441.98,75.0,441.45,442.5,150.0
2025-10-01,09:15:33.000,443.08,225.0,442.4,443.75,375.0
2025-10-01,09:15:34.000,441.7,225.0,441.15,442.25,150.0
2025-10-01,09:15:35.000,443.72,225.0,443.0,444.45,75.0
2025-10-01,09:15:36.000,443.72,225.0,443.0,444.45,75.0
2025-10-01,09:15:37.000,442.52,75.0,441.8,443.25,75.0
2025-10-01,09:15:38.000,441.25,150.0,440.55,441.95,75.0
2025-10-01,09:15:39.000,441.25,150.0,440.55,441.95,75.0
2025-10-01,09:15:40.000,442.35,225.0,441.8,442.9,75.0
2025-10-01,09:15:41.000,442.3,225.0,441.65,442.95,150.0
2025-10-01,09:15:42.000,440.98,1275.0,440.4,441.55,75.0
2025-10-01,09:15:43.000,440.98,1275.0,440.4,441.55,75.0
2025-10-01,09:15:44.000,439.42,825.0,438.55,440.3,225.0
2025-10-01,09:15:45.000,440.18,300.0,439.55,440.8,1800.0
2025-10-01,09:15:46.000,439.98,375.0,439.3,440.65,225.0
2025-10-01,09:15:47.000,439.98,375.0,439.3,440.65,225.0
2025-10-01,09:15:48.000,440.45,375.0,439.8,441.1,75.0
2025-10-01,09:15:49.000,438.8,150.0,438.0,439.6,75.0
2025-10-01,09:15:50.000,438.38,150.0,437.75,439.0,225.0
2025-10-01,09:15:51.000,438.38,150.0,437.75,439.0,225.0
2025-10-01,09:15:52.000,439.78,375.0,438.8,440.75,300.0
2025-10-01,09:15:53.000,437.78,600.0,437.05,438.5,225.0
2025-10-01,09:15:54.000,438.32,150.0,437.75,438.9,225.0
2025-10-01,09:15:55.000,438.32,150.0,437.75,438.9,225.0
2025-10-01,09:15:56.000,436.62,75.0,435.5,437.75,300.0
2025-10-01,09:15:57.000,437.0,375.0,436.3,437.7,150.0
2025-10-01,09:15:58.000,437.35,375.0,436.65,438.05,375.0
2025-10-01,09:15:59.000,437.35,375.0,436.65,438.05,375.0
2025-10-01,09:16:00.000,435.78,75.0,435.05,436.5,300.0
2025-10-01,09:16:01.000,435.88,450.0,435.0,436.75,300.0
2025-10-01,09:16:02.000,435.58,225.0,435.05,436.1,75.0
2025-10-01,09:16:03.000,434.12,75.0,433.4,434.85,75.0
2025-10-01,09:16:04.000,434.12,75.0,433.4,434.85,75.0
2025-10-01,09:16:05.000,435.9,225.0,434.85,436.95,75.0
2025-10-01,09:16:06.000,436.5,525.0,435.8,437.2,75.0
2025-10-01,09:16:07.000,437.72,525.0,436.75,438.7,150.0
2025-10-01,09:16:08.000,437.72,525.0,436.75,438.7,150.0
2025-10-01,09:16:09.000,438.48,375.0,437.5,439.45,75.0
2025-10-01,09:16:10.000,438.4,225.0,437.55,439.25,225.0
2025-10-01,09:16:11.000,437.72,300.0,436.85,438.6,75.0
2025-10-01,09:16:12.000,437.72,300.0,436.85,438.6,75.0
2025-10-01,09:16:13.000,437.2,150.0,436.5,437.9,300.0
2025-10-01,09:16:14.000,437.1,75.0,436.45,437.75,150.0
2025-10-01,09:16:15.000,437.1,75.0,436.45,437.75,150.0
2025-10-01,09:16:16.000,438.02,150.0,437.3,438.75,225.0
2025-10-01,09:16:17.000,436.52,150.0,435.8,437.25,150.0
2025-10-01,09:16:18.000,434.55,150.0,434.0,435.1,225.0
2025-10-01,09:16:19.000,435.02,225.0,434.3,435.75,300.0
2025-10-01,09:16:20.000,435.02,225.0,434.3,435.75,300.0
2025-10-01,09:16:21.000,434.75,300.0,434.05,435.45,225.0
2025-10-01,09:16:22.000,436.12,150.0,435.5,436.75,375.0
2025-10-01,09:16:23.000,435.5,150.0,435.0,436.0,450.0
2025-10-01,09:16:24.000,435.5,150.0,435.0,436.0,450.0
2025-10-01,09:16:25.000,436.02,375.0,434.35,437.7,75.0
2025-10-01,09:16:26.000,435.3,75.0,435.0,435.6,375.0
2025-10-01,09:16:27.000,435.65,600.0,435.05,436.25,225.0
2025-10-01,09:16:28.000,436.32,375.0,435.65,437.0,675.0
2025-10-01,09:16:29.000,435.5,300.0,435.0,436.0,225.0
2025-10-01,09:16:30.000,435.5,300.0,435.0,436.0,225.0
2025-10-01,09:16:31.000,435.48,75.0,435.05,435.9,675.0
2025-10-01,09:16:32.000,436.4,525.0,435.9,436.9,675.0
2025-10-01,09:16:33.000,435.88,450.0,435.25,436.5,675.0
2025-10-01,09:16:34.000,435.7,225.0,435.05,436.35,150.0
2025-10-01,09:16:35.000,435.7,225.0,435.05,436.35,150.0
2025-10-01,09:16:36.000,434.62,375.0,434.05,435.2,150.0
2025-10-01,09:16:37.000,433.52,225.0,433.05,434.0,150.0
2025-10-01,09:16:38.000,432.38,375.0,431.8,432.95,150.0
2025-10-01,09:16:39.000,432.38,375.0,431.8,432.95,150.0
2025-10-01,09:16:40.000,432.35,150.0,432.0,432.7,150.0
2025-10-01,09:16:41.000,432.22,150.0,432.0,432.45,375.0
2025-10-01,09:16:42.000,430.4,225.0,430.05,430.75,150.0
2025-10-01,09:16:43.000,430.4,225.0,430.05,430.75,150.0
2025-10-01,09:16:44.000,431.88,300.0,431.25,432.5,150.0
2025-10-01,09:16:45.000,432.02,225.0,431.3,432.75,150.0
2025-10-01,09:16:46.000,433.45,375.0,432.6,434.3,225.0
2025-10-01,09:16:47.000,433.45,375.0,432.6,434.3,225.0
2025-10-01,09:16:48.000,431.62,375.0,431.0,432.25,225.0
2025-10-01,09:16:49.000,432.52,375.0,431.8,433.25,225.0
2025-10-01,09:16:50.000,432.72,225.0,432.2,433.25,225.0
2025-10-01,09:16:51.000,432.72,225.0,432.2,433.25,225.0
2025-10-01,09:16:52.000,433.7,375.0,433.15,434.25,150.0
2025-10-01,09:16:53.000,432.68,225.0,432.1,433.25,150.0
2025-10-01,09:16:54.000,433.08,225.0,432.5,433.65,375.0
2025-10-01,09:16:55.000,433.08,225.0,432.5,433.65,375.0
2025-10-01,09:16:56.000,432.48,975.0,431.75,433.2,75.0
2025-10-01,09:16:57.000,432.7,150.0,432.1,433.3,375.0
2025-10-01,09:16:58.000,431.8,525.0,431.2,432.4,375.0
2025-10-01,09:16:59.000,433.15,300.0,432.45,433.85,225.0
2025-10-01,09:17:00.000,433.15,300.0,432.45,433.85,225.0
2025-10-01,09:17:01.000,432.82,225.0,432.25,433.4,75.0
2025-10-01,09:17:02.000,430.9,225.0,430.3,431.5,75.0
2025-10-01,09:17:03.000,431.7,225.0,431.0,432.4,75.0
2025-10-01,09:17:04.000,431.7,225.0,431.0,432.4,75.0
2025-10-01,09:17:05.000,431.4,375.0,430.7,432.1,75.0
2025-10-01,09:17:06.000,430.65,375.0,430.05,431.25,75.0
2025-10-01,09:17:07.000,430.58,375.0,430.0,431.15,225.0
2025-10-01,09:17:08.000,430.58,375.0,430.0,431.15,225.0
2025-10-01,09:17:09.000,430.5,150.0,430.0,431.0,225.0
2025-10-01,09:17:10.000,430.32,150.0,430.0,430.65,225.0
2025-10-01,09:17:11.000,430.38,225.0,429.75,431.0,375.0
2025-10-01,09:17:12.000,430.38,225.0,429.75,431.0,375.0
2025-10-01,09:17:13.000,431.22,75.0,430.55,431.9,75.0
2025-10-01,09:17:14.000,431.62,75.0,431.0,432.25,150.0
2025-10-01,09:17:15.000,431.9,150.0,431.3,432.5,150.0
2025-10-01,09:17:16.000,431.9,150.0,431.3,432.5,150.0
2025-10-01,09:17:17.000,432.12,75.0,431.4,432.85,450.0
2025-10-01,09:17:18.000,433.9,225.0,433.3,434.5,225.0
2025-10-01,09:17:19.000,433.05,225.0,432.35,433.75,225.0
2025-10-01,09:17:20.000,433.05,225.0,432.35,433.75,225.0
2025-10-01,09:17:21.000,434.4,375.0,433.85,434.95,225.0
2025-10-01,09:17:22.000,433.38,375.0,432.8,433.95,300.0
2025-10-01,09:17:23.000,435.58,75.0,434.9,436.25,225.0
2025-10-01,09:17:24.000,435.58,75.0,434.9,436.25,225.0
2025-10-01,09:17:25.000,437.55,150.0,437.1,438.0,675.0
2025-10-01,09:17:26.000,436.35,225.0,435.65,437.05,375.0
2025-10-01,09:17:27.000,436.35,225.0,435.65,437.05,375.0
2025-10-01,09:17:28.000,437.65,75.0,437.3,438.0,675.0
2025-10-01,09:17:29.000,438.05,225.0,437.4,438.7,225.0
2025-10-01,09:17:30.000,438.68,75.0,438.35,439.0,450.0
2025-10-01,09:17:31.000,438.68,75.0,438.35,439.0,450.0
2025-10-01,09:17:32.000,439.5,525.0,439.0,440.0,75.0
2025-10-01,09:17:33.000,439.25,75.0,438.7,439.8,225.0
2025-10-01,09:17:34.000,438.33,75.0,437.8,438.85,375.0
2025-10-01,09:17:35.000,438.33,75.0,437.8,438.85,375.0
2025-10-01,09:17:36.000,437.85,75.0,437.1,438.6,75.0
2025-10-01,09:17:37.000,438.78,225.0,438.1,439.45,525.0
2025-10-01,09:17:38.000,440.3,225.0,439.7,440.9,75.0
2025-10-01,09:17:39.000,440.3,225.0,439.7,440.9,75.0
2025-10-01,09:17:40.000,440.5,600.0,439.8,441.2,375.0
2025-10-01,09:17:41.000,441.0,375.0,440.3,441.7,375.0
2025-10-01,09:17:42.000,441.22,450.0,440.6,441.85,375.0
2025-10-01,09:17:43.000,441.22,450.0,440.6,441.85,375.0
2025-10-01,09:17:44.000,440.68,75.0,440.05,441.3,225.0
2025-10-01,09:17:45.000,440.52,75.0,440.0,441.05,450.0
2025-10-01,09:17:46.000,440.9,525.0,440.3,441.5,225.0
2025-10-01,09:17:47.000,438.9,375.0,438.3,439.5,150.0
2025-10-01,09:17:48.000,438.9,375.0,438.3,439.5,150.0
2025-10-01,09:17:49.000,437.98,525.0,437.25,438.7,375.0
2025-10-01,09:17:50.000,437.9,225.0,437.3,438.5,225.0
2025-10-01,09:17:51.000,438.25,450.0,437.45,439.05,525.0
2025-10-01,09:17:52.000,438.25,450.0,437.45,439.05,525.0
2025-10-01,09:17:53.000,440.0,525.0,439.35,440.65,300.0
2025-10-01,09:17:54.000,440.88,450.0,440.1,441.65,450.0
2025-10-01,09:17:55.000,441.15,375.0,440.55,441.75,375.0
2025-10-01,09:17:56.000,441.15,375.0,440.55,441.75,375.0
2025-10-01,09:17:57.000,441.0,450.0,440.3,441.7,525.0
2025-10-01,09:17:58.000,441.95,375.0,441.4,442.5,225.0
2025-10-01,09:17:59.000,443.38,300.0,442.7,444.05,225.0
2025-10-01,09:18:00.000,443.38,300.0,442.7,444.05,225.0
2025-10-01,09:18:01.000,444.02,225.0,443.35,444.7,225.0
2025-10-01,09:18:02.000,443.28,375.0,442.6,443.95,225.0
2025-10-01,09:18:03.000,443.28,375.0,442.6,443.95,225.0
2025-10-01,09:18:04.000,440.6,75.0,440.0,441.2,225.0
2025-10-01,09:18:05.000,440.45,75.0,440.0,440.9,75.0
2025-10-01,09:18:06.000,441.7,75.0,440.85,442.55,75.0
2025-10-01,09:18:07.000,441.7,75.0,440.85,442.55,75.0
2025-10-01,09:18:08.000,440.52,225.0,440.05,441.0,225.0
2025-10-01,09:18:09.000,440.5,75.0,440.0,441.0,300.0
2025-10-01,09:18:10.000,440.48,75.0,440.0,440.95,75.0
2025-10-01,09:18:11.000,440.48,75.0,440.0,440.95,75.0
2025-10-01,09:18:12.000,440.9,225.0,440.3,441.5,225.0
2025-10-01,09:18:13.000,441.42,225.0,440.85,442.0,375.0
2025-10-01,09:18:14.000,441.2,450.0,440.65,441.75,225.0
2025-10-01,09:18:15.000,441.88,375.0,441.25,442.5,225.0
2025-10-01,09:18:16.000,441.88,375.0,441.25,442.5,225.0
2025-10-01,09:18:17.000,441.75,300.0,441.25,442.25,150.0
2025-10-01,09:18:18.000,441.82,225.0,441.4,442.25,225.0
2025-10-01,09:18:19.000,442.12,75.0,441.75,442.5,150.0
2025-10-01,09:18:20.000,442.12,75.0,441.75,442.5,150.0
2025-10-01,09:18:21.000,440.48,75.0,440.0,440.95,225.0
2025-10-01,09:18:22.000,440.58,75.0,439.95,441.2,225.0
2025-10-01,09:18:23.000,440.58,75.0,439.95,441.2,225.0
2025-10-01,09:18:24.000,440.22,75.0,439.7,440.75,225.0
2025-10-01,09:18:25.000,440.15,225.0,439.55,440.75,150.0
2025-10-01,09:18:26.000,441.6,75.0,441.0,442.2,225.0
2025-10-01,09:18:27.000,441.6,75.0,441.0,442.2,225.0
2025-10-01,09:18:28.000,439.88,525.0,439.25,440.5,150.0
2025-10-01,09:18:29.000,439.18,225.0,438.6,439.75,150.0
2025-10-01,09:18:30.000,439.52,375.0,438.8,440.25,450.0
2025-10-01,09:18:31.000,439.05,375.0,438.35,439.75,375.0
2025-10-01,09:18:32.000,439.05,375.0,438.35,439.75,375.0
2025-10-01,09:18:33.000,438.05,225.0,437.3,438.8,225.0
2025-10-01,09:18:34.000,438.08,225.0,437.65,438.5,150.0
2025-10-01,09:18:35.000,438.48,300.0,437.95,439.0,150.0
2025-10-01,09:18:36.000,438.48,300.0,437.95,439.0,150.0
2025-10-01,09:18:37.000,438.65,75.0,438.05,439.25,150.0
2025-10-01,09:18:38.000,439.82,300.0,439.0,440.65,150.0
2025-10-01,09:18:39.000,439.1,75.0,438.5,439.7,225.0
2025-10-01,09:18:40.000,439.1,75.0,438.5,439.7,225.0
2025-10-01,09:18:41.000,439.32,225.0,438.7,439.95,75.0
2025-10-01,09:18:42.000,439.9,375.0,439.3,440.5,150.0
2025-10-01,09:18:43.000,439.9,375.0,439.3,440.5,150.0
2025-10-01,09:18:44.000,440.35,450.0,439.75,440.95,225.0
2025-10-01,09:18:45.000,440.38,75.0,440.0,440.75,150.0
2025-10-01,09:18:46.000,440.38,75.0,440.0,440.75,150.0
2025-10-01,09:18:47.000,439.4,225.0,438.8,440.0,150.0
2025-10-01,09:18:48.000,439.4,225.0,438.8,440.0,150.0
2025-10-01,09:18:49.000,439.0,600.0,438.3,439.7,75.0
2025-10-01,09:18:50.000,438.65,75.0,438.05,439.25,150.0
2025-10-01,09:18:51.000,438.65,75.0,438.05,439.25,150.0
2025-10-01,09:18:52.000,438.62,225.0,438.1,439.15,225.0
2025-10-01,09:18:53.000,437.45,225.0,436.7,438.2,225.0
2025-10-01,09:18:54.000,437.45,225.0,436.7,438.2,225.0
2025-10-01,09:18:55.000,437.7,525.0,437.1,438.3,150.0
2025-10-01,09:18:56.000,437.7,525.0,437.1,438.3,150.0
2025-10-01,09:18:57.000,438.0,300.0,437.3,438.7,225.0
2025-10-01,09:18:58.000,437.0,75.0,436.55,437.45,225.0
2025-10-01,09:18:59.000,437.0,75.0,436.55,437.45,225.0
2025-10-01,09:19:00.000,437.62,225.0,436.85,438.4,225.0
2025-10-01,09:19:01.000,437.62,225.0,436.85,438.4,225.0
2025-10-01,09:19:02.000,435.8,75.0,435.2,436.4,75.0
2025-10-01,09:19:03.000,436.32,300.0,435.9,436.75,150.0
2025-10-01,09:19:04.000,436.32,300.0,435.9,436.75,150.0
2025-10-01,09:19:05.000,436.28,75.0,435.8,436.75,225.0
2025-10-01,09:19:06.000,436.28,75.0,435.8,436.75,225.0
2025-10-01,09:19:07.000,435.4,375.0,434.8,436.0,225.0
2025-10-01,09:19:08.000,435.6,225.0,434.9,436.3,225.0
2025-10-01,09:19:09.000,435.6,225.0,434.9,436.3,225.0
2025-10-01,09:19:10.000,436.33,75.0,435.8,436.85,525.0
2025-10-01,09:19:11.000,436.33,75.0,435.8,436.85,525.0
2025-10-01,09:19:12.000,434.6,75.0,434.0,435.2,225.0
2025-10-01,09:19:13.000,435.18,225.0,434.6,435.75,375.0
2025-10-01,09:19:14.000,435.18,225.0,434.6,435.75,375.0
2025-10-01,09:19:15.000,434.72,375.0,434.2,435.25,150.0
2025-10-01,09:19:16.000,434.85,75.0,434.25,435.45,375.0
2025-10-01,09:19:17.000,434.85,75.0,434.25,435.45,375.0
2025-10-01,09:19:18.000,434.4,75.0,434.0,434.8,75.0
2025-10-01,09:19:19.000,434.4,75.0,434.0,434.8,75.0
2025-10-01,09:19:20.000,433.22,75.0,432.7,433.75,75.0
2025-10-01,09:19:21.000,432.88,225.0,432.3,433.45,375.0
2025-10-01,09:19:22.000,432.88,225.0,432.3,433.45,375.0
2025-10-01,09:19:23.000,432.92,75.0,432.35,433.5,300.0
2025-10-01,09:19:24.000,432.92,75.0,432.35,433.5,300.0
2025-10-01,09:19:25.000,433.62,450.0,433.0,434.25,225.0
2025-10-01,09:19:26.000,435.65,225.0,434.8,436.5,150.0
2025-10-01,09:19:27.000,435.65,225.0,434.8,436.5,150.0
2025-10-01,09:19:28.000,435.7,450.0,435.15,436.25,150.0
2025-10-01,09:19:29.000,435.7,450.0,435.15,436.25,150.0
2025-10-01,09:19:30.000,436.25,900.0,435.5,437.0,225.0
2025-10-01,09:19:31.000,436.98,225.0,436.4,437.55,75.0
2025-10-01,09:19:32.000,436.98,225.0,436.4,437.55,75.0
2025-10-01,09:19:33.000,435.78,75.0,435.3,436.25,150.0
2025-10-01,09:19:34.000,436.98,225.0,436.45,437.5,225.0
2025-10-01,09:19:35.000,436.98,225.0,436.45,437.5,225.0
2025-10-01,09:19:36.000,436.65,375.0,436.05,437.25,150.0
2025-10-01,09:19:37.000,436.65,375.0,436.05,437.25,150.0
2025-10-01,09:19:38.000,437.05,75.0,436.5,437.6,225.0
2025-10-01,09:19:39.000,436.52,225.0,435.8,437.25,75.0
2025-10-01,09:19:40.000,436.52,225.0,435.8,437.25,75.0
2025-10-01,09:19:41.000,437.52,225.0,436.85,438.2,75.0
2025-10-01,09:19:42.000,437.5,75.0,437.0,438.0,150.0
2025-10-01,09:19:43.000,437.5,75.0,437.0,438.0,150.0
2025-10-01,09:19:44.000,437.15,375.0,436.55,437.75,300.0
2025-10-01,09:19:45.000,437.15,375.0,436.55,437.75,300.0
2025-10-01,09:19:46.000,438.02,225.0,437.35,438.7,225.0
2025-10-01,09:19:47.000,437.3,75.0,436.65,437.95,375.0
2025-10-01,09:19:48.000,437.3,75.0,436.65,437.95,375.0
2025-10-01,09:19:49.000,435.72,375.0,435.2,436.25,150.0
2025-10-01,09:19:50.000,435.72,375.0,435.2,436.25,150.0
2025-10-01,09:19:51.000,434.4,225.0,433.75,435.05,225.0
2025-10-01,09:19:52.000,434.17,150.0,433.7,434.65,75.0
2025-10-01,09:19:53.000,434.17,150.0,433.7,434.65,75.0
2025-10-01,09:19:54.000,433.92,75.0,433.35,434.5,150.0
2025-10-01,09:19:55.000,433.92,75.0,433.35,434.5,150.0
2025-10-01,09:19:56.000,433.92,75.0,433.35,434.5,150.0
2025-10-01,09:19:57.000,432.62,300.0,432.05,433.2,75.0
2025-10-01,09:19:58.000,432.62,300.0,432.05,433.2,75.0
2025-10-01,09:19:59.000,431.5,75.0,431.15,431.85,75.0
2025-10-01,09:20:00.000,431.5,75.0,431.15,431.85,75.0
2025-10-01,09:20:01.000,430.62,75.0,430.5,430.75,225.0
2025-10-01,09:20:02.000,430.75,300.0,430.25,431.25,150.0
2025-10-01,09:20:03.000,430.75,300.0,430.25,431.25,150.0
2025-10-01,09:20:04.000,430.0,300.0,429.5,430.5,225.0
2025-10-01,09:20:05.000,430.4,525.0,429.8,431.0,450.0
2025-10-01,09:20:06.000,430.4,525.0,429.8,431.0,450.0
2025-10-01,09:20:07.000,429.85,825.0,429.2,430.5,225.0
2025-10-01,09:20:08.000,429.85,825.0,429.2,430.5,225.0
2025-10-01,09:20:09.000,429.95,525.0,429.4,430.5,225.0
2025-10-01,09:20:10.000,429.48,300.0,428.95,430.0,150.0
2025-10-01,09:20:11.000,429.48,300.0,428.95,430.0,150.0
2025-10-01,09:20:12.000,428.7,75.0,428.4,429.0,750.0
2025-10-01,09:20:13.000,428.7,75.0,428.4,429.0,750.0
2025-10-01,09:20:14.000,428.75,525.0,427.95,429.55,375.0
2025-10-01,09:20:15.000,427.08,150.0,426.5,427.65,75.0
2025-10-01,09:20:16.000,427.08,150.0,426.5,427.65,75.0
2025-10-01,09:20:17.000,427.58,75.0,427.15,428.0,150.0
2025-10-01,09:20:18.000,427.58,75.0,427.15,428.0,150.0
2025-10-01,09:20:19.000,427.9,375.0,427.35,428.45,300.0
2025-10-01,09:20:20.000,425.35,225.0,425.0,425.7,225.0
2025-10-01,09:20:21.000,425.35,225.0,425.0,425.7,225.0
2025-10-01,09:20:22.000,427.0,300.0,426.5,427.5,225.0
2025-10-01,09:20:23.000,427.0,300.0,426.5,427.5,225.0
2025-10-01,09:20:24.000,426.55,75.0,426.1,427.0,150.0
2025-10-01,09:20:25.000,425.4,300.0,425.05,425.75,150.0
2025-10-01,09:20:26.000,425.4,300.0,425.05,425.75,150.0
2025-10-01,09:20:27.000,425.6,300.0,425.2,426.0,150.0
2025-10-01,09:20:28.000,425.6,300.0,425.2,426.0,150.0
2025-10-01,09:20:29.000,427.22,75.0,426.4,428.05,375.0
2025-10-01,09:20:30.000,426.55,375.0,426.1,427.0,150.0
2025-10-01,09:20:31.000,426.55,375.0,426.1,427.0,150.0
2025-10-01,09:20:32.000,427.7,300.0,427.15,428.25,225.0
2025-10-01,09:20:33.000,429.28,75.0,428.8,429.75,150.0
2025-10-01,09:20:34.000,429.28,75.0,428.8,429.75,150.0
2025-10-01,09:20:35.000,428.95,375.0,428.4,429.5,225.0
2025-10-01,09:20:36.000,428.95,375.0,428.4,429.5,225.0
2025-10-01,09:20:37.000,428.1,150.0,427.5,428.7,525.0
2025-10-01,09:20:38.000,427.5,375.0,427.05,427.95,75.0
2025-10-01,09:20:39.000,427.5,375.0,427.05,427.95,75.0
2025-10-01,09:20:40.000,427.05,375.0,426.5,427.6,75.0
2025-10-01,09:20:41.000,427.05,375.0,426.5,427.6,75.0
2025-10-01,09:20:42.000,427.05,375.0,426.5,427.6,75.0
2025-10-01,09:20:43.000,430.78,300.0,430.0,431.55,300.0
2025-10-01,09:20:44.000,430.78,300.0,430.0,431.55,300.0
2025-10-01,09:20:45.000,429.02,600.0,428.3,429.75,225.0
2025-10-01,09:20:46.000,429.02,600.0,428.3,429.75,225.0
2025-10-01,09:20:47.000,428.52,375.0,427.85,429.2,525.0
2025-10-01,09:20:48.000,428.9,75.0,428.4,429.4,525.0
2025-10-01,09:20:49.000,428.9,75.0,428.4,429.4,525.0
2025-10-01,09:20:50.000,429.82,300.0,429.2,430.45,525.0
2025-10-01,09:20:51.000,429.82,300.0,429.2,430.45,525.0
2025-10-01,09:20:52.000,429.4,525.0,428.8,430.0,225.0
2025-10-01,09:20:53.000,430.68,300.0,430.1,431.25,150.0
2025-10-01,09:20:54.000,430.68,300.0,430.1,431.25,150.0
2025-10-01,09:20:55.000,431.15,300.0,430.55,431.75,150.0
2025-10-01,09:20:56.000,431.15,300.0,430.55,431.75,150.0
2025-10-01,09:20:57.000,434.18,300.0,433.6,434.75,225.0
2025-10-01,09:20:58.000,433.68,300.0,433.1,434.25,225.0
2025-10-01,09:20:59.000,433.68,300.0,433.1,434.25,225.0
2025-10-01,09:21:00.000,434.78,75.0,434.2,435.35,525.0
2025-10-01,09:21:01.000,434.78,75.0,434.2,435.35,525.0
2025-10-01,09:21:02.000,432.28,750.0,431.55,433.0,225.0
2025-10-01,09:21:03.000,431.35,75.0,431.0,431.7,300.0
2025-10-01,09:21:04.000,431.35,75.0,431.0,431.7,300.0
2025-10-01,09:21:05.000,431.42,75.0,430.8,432.05,675.0
2025-10-01,09:21:06.000,431.42,75.0,430.8,432.05,675.0
2025-10-01,09:21:07.000,431.75,450.0,431.25,432.25,225.0
2025-10-01,09:21:08.000,432.42,300.0,431.95,432.9,75.0
2025-10-01,09:21:09.000,432.42,300.0,431.95,432.9,75.0
2025-10-01,09:21:10.000,432.85,300.0,432.25,433.45,525.0
2025-10-01,09:21:11.000,432.85,300.0,432.25,433.45,525.0
2025-10-01,09:21:12.000,432.0,525.0,431.3,432.7,300.0
2025-10-01,09:21:13.000,432.62,375.0,432.0,433.25,225.0
2025-10-01,09:21:14.000,432.62,375.0,432.0,433.25,225.0
2025-10-01,09:21:15.000,433.62,150.0,433.0,434.25,750.0
2025-10-01,09:21:16.000,433.62,150.0,433.0,434.25,750.0
2025-10-01,09:21:17.000,435.88,150.0,435.0,436.75,75.0
2025-10-01,09:21:18.000,435.88,150.0,435.0,436.75,75.0
2025-10-01,09:21:19.000,435.0,300.0,434.3,435.7,300.0
2025-10-01,09:21:20.000,435.08,300.0,434.45,435.7,525.0
2025-10-01,09:21:21.000,435.08,300.0,434.45,435.7,525.0
2025-10-01,09:21:22.000,433.85,75.0,433.15,434.55,300.0
2025-10-01,09:21:23.000,433.85,75.0,433.15,434.55,300.0
2025-10-01,09:21:24.000,432.6,75.0,432.0,433.2,525.0
2025-10-01,09:21:25.000,431.62,300.0,431.05,432.2,225.0
2025-10-01,09:21:26.000,431.62,300.0,431.05,432.2,225.0
2025-10-01,09:21:27.000,431.42,375.0,431.0,431.85,75.0
2025-10-01,09:21:28.000,431.42,375.0,431.0,431.85,75.0
2025-10-01,09:21:29.000,430.52,300.0,430.05,431.0,150.0
2025-10-01,09:21:30.000,429.92,300.0,429.35,430.5,225.0
2025-10-01,09:21:31.000,429.92,300.0,429.35,430.5,225.0
2025-10-01,09:21:32.000,431.45,375.0,430.55,432.35,300.0
2025-10-01,09:21:33.000,431.45,375.0,430.55,432.35,300.0
2025-10-01,09:21:34.000,431.65,75.0,431.05,432.25,150.0
2025-10-01,09:21:35.000,431.4,375.0,430.8,432.0,225.0
2025-10-01,09:21:36.000,431.4,375.0,430.8,432.0,225.0
2025-10-01,09:21:37.000,431.9,300.0,431.3,432.5,225.0
2025-10-01,09:21:38.000,431.9,300.0,431.3,432.5,225.0
2025-10-01,09:21:39.000,432.6,525.0,432.05,433.15,75.0
2025-10-01,09:21:40.000,432.25,450.0,431.55,432.95,75.0
2025-10-01,09:21:41.000,432.25,450.0,431.55,432.95,75.0
2025-10-01,09:21:42.000,432.55,300.0,431.9,433.2,225.0
2025-10-01,09:21:43.000,432.55,300.0,431.9,433.2,225.0
2025-10-01,09:21:44.000,433.1,300.0,432.5,433.7,525.0
2025-10-01,09:21:45.000,432.65,300.0,431.9,433.4,300.0
2025-10-01,09:21:46.000,432.65,300.0,431.9,433.4,300.0
2025-10-01,09:21:47.000,432.72,300.0,431.9,433.55,75.0
2025-10-01,09:21:48.000,432.72,300.0,431.9,433.55,75.0
2025-10-01,09:21:49.000,433.62,75.0,433.0,434.25,375.0
2025-10-01,09:21:50.000,433.88,375.0,433.25,434.5,300.0
2025-10-01,09:21:51.000,433.88,375.0,433.25,434.5,300.0
2025-10-01,09:21:52.000,433.98,75.0,433.25,434.7,225.0
2025-10-01,09:21:53.000,433.98,75.0,433.25,434.7,225.0
2025-10-01,09:21:54.000,433.15,375.0,432.5,433.8,225.0
2025-10-01,09:21:55.000,432.83,375.0,432.05,433.6,75.0
2025-10-01,09:21:56.000,432.83,375.0,432.05,433.6,75.0
2025-10-01,09:21:57.000,434.12,225.0,433.5,434.75,150.0
2025-10-01,09:21:58.000,434.12,225.0,433.5,434.75,150.0
2025-10-01,09:21:59.000,435.32,150.0,434.7,435.95,225.0
2025-10-01,09:22:00.000,435.9,150.0,435.3,436.5,300.0
2025-10-01,09:22:01.000,435.9,150.0,435.3,436.5,300.0
2025-10-01,09:22:02.000,436.38,225.0,435.6,437.15,75.0
2025-10-01,09:22:03.000,435.82,150.0,435.15,436.5,375.0
2025-10-01,09:22:04.000,435.82,150.0,435.15,436.5,375.0
2025-10-01,09:22:05.000,437.88,150.0,437.25,438.5,825.0
2025-10-01,09:22:06.000,437.88,150.0,437.25,438.5,825.0
2025-10-01,09:22:07.000,437.55,225.0,436.85,438.25,225.0
2025-10-01,09:22:08.000,437.3,75.0,436.7,437.9,75.0
2025-10-01,09:22:09.000,437.3,75.0,436.7,437.9,75.0
2025-10-01,09:22:10.000,436.95,150.0,436.2,437.7,225.0
2025-10-01,09:22:11.000,436.95,150.0,436.2,437.7,225.0
2025-10-01,09:22:12.000,436.7,75.0,436.15,437.25,150.0
2025-10-01,09:22:13.000,437.2,150.0,436.65,437.75,300.0
2025-10-01,09:22:14.000,437.2,150.0,436.65,437.75,300.0
2025-10-01,09:22:15.000,436.58,225.0,435.95,437.2,75.0
2025-10-01,09:22:16.000,436.58,225.0,435.95,437.2,75.0
2025-10-01,09:22:17.000,437.58,300.0,437.0,438.15,225.0
2025-10-01,09:22:18.000,437.65,225.0,437.1,438.2,825.0
2025-10-01,09:22:19.000,437.65,225.0,437.1,438.2,825.0
2025-10-01,09:22:20.000,437.38,300.0,436.75,438.0,225.0
2025-10-01,09:22:21.000,437.38,300.0,436.75,438.0,225.0
2025-10-01,09:22:22.000,438.38,150.0,437.75,439.0,75.0
2025-10-01,09:22:23.000,437.55,150.0,436.9,438.2,225.0
2025-10-01,09:22:24.000,437.55,150.0,436.9,438.2,225.0
2025-10-01,09:22:25.000,438.25,75.0,437.5,439.0,75.0
2025-10-01,09:22:26.000,438.25,75.0,437.5,439.0,75.0
2025-10-01,09:22:27.000,437.82,75.0,437.2,438.45,225.0
2025-10-01,09:22:28.000,437.95,150.0,437.25,438.65,75.0
2025-10-01,09:22:29.000,437.95,150.0,437.25,438.65,75.0
2025-10-01,09:22:30.000,436.88,75.0,436.3,437.45,75.0
2025-10-01,09:22:31.000,437.08,225.0,436.5,437.65,75.0
2025-10-01,09:22:32.000,437.08,225.0,436.5,437.65,75.0
2025-10-01,09:22:33.000,436.45,375.0,435.8,437.1,75.0
2025-10-01,09:22:34.000,436.45,375.0,435.8,437.1,75.0
2025-10-01,09:22:35.000,436.32,150.0,435.75,436.9,75.0
2025-10-01,09:22:36.000,435.82,150.0,435.25,436.4,75.0
2025-10-01,09:22:37.000,435.82,150.0,435.25,436.4,75.0
2025-10-01,09:22:38.000,435.65,225.0,435.0,436.3,75.0
2025-10-01,09:22:39.000,435.65,225.0,435.0,436.3,75.0
2025-10-01,09:22:40.000,435.95,450.0,435.3,436.6,75.0
2025-10-01,09:22:41.000,435.85,150.0,435.25,436.45,75.0
2025-10-01,09:22:42.000,435.85,150.0,435.25,436.45,75.0
2025-10-01,09:22:43.000,436.12,450.0,435.5,436.75,75.0
2025-10-01,09:22:44.000,436.12,450.0,435.5,436.75,75.0
2025-10-01,09:22:45.000,436.28,75.0,435.8,436.75,225.0
2025-10-01,09:22:46.000,436.33,75.0,435.85,436.8,75.0
2025-10-01,09:22:47.000,436.33,75.0,435.85,436.8,75.0
2025-10-01,09:22:48.000,436.8,150.0,436.25,437.35,75.0
2025-10-01,09:22:49.000,436.6,225.0,436.05,437.15,75.0
2025-10-01,09:22:50.000,436.6,225.0,436.05,437.15,75.0
2025-10-01,09:22:51.000,436.65,75.0,436.1,437.2,75.0
2025-10-01,09:22:52.000,436.65,75.0,436.1,437.2,75.0
2025-10-01,09:22:53.000,436.32,75.0,435.7,436.95,75.0
2025-10-01,09:22:54.000,434.92,225.0,434.05,435.8,150.0
2025-10-01,09:22:55.000,434.92,225.0,434.05,435.8,150.0
2025-10-01,09:22:56.000,435.1,450.0,434.5,435.7,75.0
2025-10-01,09:22:57.000,435.1,450.0,434.5,435.7,75.0
2025-10-01,09:22:58.000,433.95,150.0,433.2,434.7,150.0
2025-10-01,09:22:59.000,434.45,225.0,433.95,434.95,75.0
2025-10-01,09:23:00.000,434.45,225.0,433.95,434.95,75.0
2025-10-01,09:23:01.000,434.25,150.0,433.75,434.75,75.0
2025-10-01,09:23:02.000,434.25,150.0,433.75,434.75,75.0
2025-10-01,09:23:03.000,433.72,300.0,433.1,434.35,75.0
2025-10-01,09:23:04.000,433.72,450.0,433.05,434.4,150.0
2025-10-01,09:23:05.000,433.72,450.0,433.05,434.4,150.0
2025-10-01,09:23:06.000,434.02,300.0,433.4,434.65,75.0
2025-10-01,09:23:07.000,434.02,300.0,433.4,434.65,75.0
2025-10-01,09:23:08.000,434.85,75.0,434.3,435.4,75.0
2025-10-01,09:23:09.000,434.35,225.0,433.7,435.0,75.0
2025-10-01,09:23:10.000,434.35,225.0,433.7,435.0,75.0
2025-10-01,09:23:11.000,434.38,225.0,433.8,434.95,75.0
2025-10-01,09:23:12.000,434.38,225.0,433.8,434.95,75.0
2025-10-01,09:23:13.000,435.35,150.0,434.7,436.0,375.0
2025-10-01,09:23:14.000,435.58,150.0,435.0,436.15,75.0
2025-10-01,09:23:15.000,435.58,150.0,435.0,436.15,75.0
2025-10-01,09:23:16.000,436.8,225.0,436.1,437.5,450.0
2025-10-01,09:23:17.000,436.8,225.0,436.1,437.5,450.0
2025-10-01,09:23:18.000,437.83,75.0,437.1,438.55,75.0
2025-10-01,09:23:19.000,437.92,225.0,437.3,438.55,75.0
2025-10-01,09:23:20.000,437.92,225.0,437.3,438.55,75.0
2025-10-01,09:23:21.000,437.78,150.0,437.25,438.3,450.0
2025-10-01,09:23:22.000,437.78,150.0,437.25,438.3,450.0
2025-10-01,09:23:23.000,437.05,150.0,436.4,437.7,75.0
2025-10-01,09:23:24.000,436.95,300.0,436.25,437.65,75.0
2025-10-01,09:23:25.000,436.95,300.0,436.25,437.65,75.0
2025-10-01,09:23:26.000,435.6,150.0,435.05,436.15,75.0
2025-10-01,09:23:27.000,435.6,150.0,435.05,436.15,75.0
2025-10-01,09:23:28.000,434.7,450.0,434.15,435.25,225.0
2025-10-01,09:23:29.000,434.82,300.0,434.25,435.4,75.0
2025-10-01,09:23:30.000,434.82,300.0,434.25,435.4,75.0
2025-10-01,09:23:31.000,435.62,225.0,435.0,436.25,75.0
2025-10-01,09:23:32.000,435.62,225.0,435.0,436.25,75.0
2025-10-01,09:23:33.000,436.35,150.0,435.75,436.95,75.0
2025-10-01,09:23:34.000,436.38,300.0,435.8,436.95,75.0
2025-10-01,09:23:35.000,436.38,300.0,435.8,436.95,75.0
2025-10-01,09:23:36.000,436.05,150.0,435.45,436.65,675.0
2025-10-01,09:23:37.000,436.05,150.0,435.45,436.65,675.0
2025-10-01,09:23:38.000,433.82,225.0,433.25,434.4,300.0
2025-10-01,09:23:39.000,433.7,375.0,433.05,434.35,375.0
2025-10-01,09:23:40.000,433.7,375.0,433.05,434.35,375.0
2025-10-01,09:23:41.000,434.28,75.0,433.65,434.9,300.0
2025-10-01,09:23:42.000,434.28,75.0,433.65,434.9,300.0
2025-10-01,09:23:43.000,435.15,75.0,434.55,435.75,300.0
2025-10-01,09:23:44.000,434.62,375.0,434.25,435.0,1500.0
2025-10-01,09:23:45.000,434.62,375.0,434.25,435.0,1500.0
2025-10-01,09:23:46.000,434.5,300.0,434.0,435.0,1200.0
2025-10-01,09:23:47.000,434.5,300.0,434.0,435.0,1200.0
2025-10-01,09:23:48.000,434.5,375.0,434.0,435.0,1200.0
2025-10-01,09:23:49.000,434.72,225.0,434.45,435.0,750.0
2025-10-01,09:23:50.000,434.72,225.0,434.45,435.0,750.0
2025-10-01,09:23:51.000,435.7,75.0,435.15,436.25,225.0
2025-10-01,09:23:52.000,435.7,75.0,435.15,436.25,225.0
2025-10-01,09:23:53.000,437.12,375.0,436.4,437.85,75.0
2025-10-01,09:23:54.000,438.38,150.0,437.75,439.0,75.0
2025-10-01,09:23:55.000,438.38,150.0,437.75,439.0,75.0
2025-10-01,09:23:56.000,438.98,150.0,438.45,439.5,75.0
2025-10-01,09:23:57.000,438.98,150.0,438.45,439.5,75.0
2025-10-01,09:23:58.000,438.25,150.0,437.6,438.9,75.0
2025-10-01,09:23:59.000,438.85,75.0,438.2,439.5,525.0
2025-10-01,09:24:00.000,438.85,75.0,438.2,439.5,525.0
2025-10-01,09:24:01.000,438.72,150.0,438.05,439.4,75.0
2025-10-01,09:24:02.000,438.72,150.0,438.05,439.4,75.0
2025-10-01,09:24:03.000,439.52,150.0,439.0,440.05,225.0
2025-10-01,09:24:04.000,439.18,150.0,438.55,439.8,75.0
2025-10-01,09:24:05.000,439.18,150.0,438.55,439.8,75.0
2025-10-01,09:24:06.000,439.35,225.0,438.8,439.9,525.0
2025-10-01,09:24:07.000,439.35,225.0,438.8,439.9,525.0
2025-10-01,09:24:08.000,439.82,150.0,439.2,440.45,225.0
2025-10-01,09:24:09.000,439.5,150.0,438.75,440.25,675.0
2025-10-01,09:24:10.000,439.5,150.0,438.75,440.25,675.0
2025-10-01,09:24:11.000,440.1,225.0,439.45,440.75,75.0
2025-10-01,09:24:12.000,440.1,225.0,439.45,440.75,75.0
2025-10-01,09:24:13.000,439.85,75.0,439.2,440.5,225.0
2025-10-01,09:24:14.000,439.52,75.0,438.75,440.3,225.0
2025-10-01,09:24:15.000,439.52,75.0,438.75,440.3,225.0
2025-10-01,09:24:16.000,439.1,300.0,438.45,439.75,75.0
2025-10-01,09:24:17.000,439.1,300.0,438.45,439.75,75.0
2025-10-01,09:24:18.000,439.9,150.0,439.3,440.5,225.0
2025-10-01,09:24:19.000,440.17,225.0,439.65,440.7,75.0
2025-10-01,09:24:20.000,440.17,225.0,439.65,440.7,75.0
2025-10-01,09:24:21.000,440.58,75.0,439.95,441.2,75.0
2025-10-01,09:24:22.000,440.58,75.0,439.95,441.2,75.0
2025-10-01,09:24:23.000,440.8,150.0,440.15,441.45,75.0
2025-10-01,09:24:24.000,440.75,75.0,440.1,441.4,75.0
2025-10-01,09:24:25.000,440.75,75.0,440.1,441.4,75.0
2025-10-01,09:24:26.000,441.12,225.0,440.55,441.7,75.0
2025-10-01,09:24:27.000,441.12,225.0,440.55,441.7,75.0
2025-10-01,09:24:28.000,441.12,225.0,440.55,441.7,75.0
2025-10-01,09:24:29.000,440.98,75.0,440.35,441.6,75.0
2025-10-01,09:24:30.000,440.98,75.0,440.35,441.6,75.0
2025-10-01,09:24:31.000,439.9,75.0,439.3,440.5,75.0
2025-10-01,09:24:32.000,439.9,75.0,439.3,440.5,75.0
2025-10-01,09:24:33.000,439.5,150.0,439.0,440.0,75.0
2025-10-01,09:24:34.000,438.58,225.0,438.0,439.15,75.0
2025-10-01,09:24:35.000,438.58,225.0,438.0,439.15,75.0
2025-10-01,09:24:36.000,437.85,225.0,437.25,438.45,75.0
2025-10-01,09:24:37.000,437.85,225.0,437.25,438.45,75.0
2025-10-01,09:24:38.000,437.52,75.0,436.95,438.1,75.0
2025-10-01,09:24:39.000,437.6,300.0,437.05,438.15,75.0
2025-10-01,09:24:40.000,437.6,300.0,437.05,438.15,75.0
2025-10-01,09:24:41.000,436.85,225.0,436.25,437.45,75.0
2025-10-01,09:24:42.000,436.85,225.0,436.25,437.45,75.0
2025-10-01,09:24:43.000,437.85,375.0,437.3,438.4,75.0
2025-10-01,09:24:44.000,439.0,75.0,438.5,439.5,300.0
2025-10-01,09:24:45.000,439.0,75.0,438.5,439.5,300.0
2025-10-01,09:24:46.000,438.65,675.0,438.0,439.3,750.0
2025-10-01,09:24:47.000,438.65,675.0,438.0,439.3,750.0
2025-10-01,09:24:48.000,438.85,75.0,438.3,439.4,75.0
2025-10-01,09:24:49.000,439.78,75.0,439.2,440.35,75.0
2025-10-01,09:24:50.000,439.78,75.0,439.2,440.35,75.0
2025-10-01,09:24:51.000,440.17,225.0,439.65,440.7,150.0
2025-10-01,09:24:52.000,440.17,225.0,439.65,440.7,150.0
2025-10-01,09:24:53.000,441.18,150.0,440.6,441.75,225.0
2025-10-01,09:24:54.000,442.4,150.0,441.8,443.0,375.0
2025-10-01,09:24:55.000,442.4,150.0,441.8,443.0,375.0
2025-10-01,09:24:56.000,442.3,75.0,441.75,442.85,75.0
2025-10-01,09:24:57.000,442.3,75.0,441.75,442.85,75.0
2025-10-01,09:24:58.000,441.32,150.0,440.75,441.9,150.0
2025-10-01,09:24:59.000,442.48,300.0,441.95,443.0,75.0
2025-10-01,09:25:00.000,442.48,300.0,441.95,443.0,75.0
2025-10-01,09:25:01.000,442.52,225.0,442.05,443.0,75.0
2025-10-01,09:25:02.000,442.52,225.0,442.05,443.0,75.0
2025-10-01,09:25:03.000,442.52,75.0,442.05,443.0,75.0
2025-10-01,09:25:04.000,443.3,150.0,443.0,443.6,75.0
2025-10-01,09:25:05.000,443.3,150.0,443.0,443.6,75.0
2025-10-01,09:25:06.000,442.65,225.0,442.05,443.25,75.0
2025-10-01,09:25:07.000,442.65,225.0,442.05,443.25,75.0
2025-10-01,09:25:08.000,441.02,75.0,440.4,441.65,75.0
2025-10-01,09:25:09.000,441.85,225.0,441.3,442.4,75.0
2025-10-01,09:25:10.000,441.85,225.0,441.3,442.4,75.0
2025-10-01,09:25:11.000,442.35,150.0,442.05,442.65,225.0
2025-10-01,09:25:12.000,442.35,150.0,442.05,442.65,225.0
2025-10-01,09:25:13.000,442.68,225.0,442.35,443.0,150.0
2025-10-01,09:25:14.000,443.18,300.0,442.75,443.6,75.0
2025-10-01,09:25:15.000,443.18,300.0,442.75,443.6,75.0
2025-10-01,09:25:16.000,443.45,75.0,443.3,443.6,75.0
2025-10-01,09:25:17.000,443.45,75.0,443.3,443.6,75.0
2025-10-01,09:25:18.000,443.88,225.0,443.3,444.45,75.0
2025-10-01,09:25:19.000,444.02,75.0,443.55,444.5,75.0
2025-10-01,09:25:20.000,444.02,75.0,443.55,444.5,75.0
2025-10-01,09:25:21.000,443.85,150.0,443.25,444.45,150.0
2025-10-01,09:25:22.000,443.85,150.0,443.25,444.45,150.0
2025-10-01,09:25:23.000,443.22,150.0,442.55,443.9,225.0
2025-10-01,09:25:24.000,444.02,225.0,443.55,444.5,75.0
2025-10-01,09:25:25.000,444.02,225.0,443.55,444.5,75.0
2025-10-01,09:25:26.000,443.25,150.0,442.75,443.75,75.0
2025-10-01,09:25:27.000,443.25,150.0,442.75,443.75,75.0
2025-10-01,09:25:28.000,443.2,150.0,442.75,443.65,75.0
2025-10-01,09:25:29.000,443.17,75.0,442.65,443.7,75.0
2025-10-01,09:25:30.000,443.17,75.0,442.65,443.7,75.0
2025-10-01,09:25:31.000,442.28,225.0,441.75,442.8,75.0
2025-10-01,09:25:32.000,442.28,225.0,441.75,442.8,75.0
2025-10-01,09:25:33.000,442.7,150.0,442.05,443.35,150.0
2025-10-01,09:25:34.000,443.25,75.0,442.8,443.7,75.0
2025-10-01,09:25:35.000,443.25,75.0,442.8,443.7,75.0
2025-10-01,09:25:36.000,443.5,150.0,443.25,443.75,75.0
2025-10-01,09:25:37.000,443.5,150.0,443.25,443.75,75.0
2025-10-01,09:25:38.000,443.5,150.0,443.25,443.75,75.0
2025-10-01,09:25:39.000,445.5,75.0,444.8,446.2,150.0
2025-10-01,09:25:40.000,445.5,75.0,444.8,446.2,150.0
2025-10-01,09:25:41.000,445.95,150.0,445.4,446.5,150.0
2025-10-01,09:25:42.000,445.95,150.0,445.4,446.5,150.0
2025-10-01,09:25:43.000,445.5,150.0,445.0,446.0,225.0
2025-10-01,09:25:44.000,445.12,75.0,444.6,445.65,150.0
2025-10-01,09:25:45.000,445.12,75.0,444.6,445.65,150.0
2025-10-01,09:25:46.000,444.45,375.0,444.0,444.9,225.0
2025-10-01,09:25:47.000,444.45,375.0,444.0,444.9,225.0
2025-10-01,09:25:48.000,445.3,150.0,444.8,445.8,75.0
2025-10-01,09:25:49.000,445.55,225.0,445.1,446.0,75.0
2025-10-01,09:25:50.000,445.55,225.0,445.1,446.0,75.0
2025-10-01,09:25:51.000,445.45,75.0,444.9,446.0,150.0
2025-10-01,09:25:52.000,445.45,75.0,444.9,446.0,150.0
2025-10-01,09:25:53.000,444.75,150.0,444.15,445.35,150.0
2025-10-01,09:25:54.000,444.75,225.0,444.35,445.15,75.0
2025-10-01,09:25:55.000,444.75,225.0,444.35,445.15,75.0
2025-10-01,09:25:56.000,444.5,300.0,444.0,445.0,75.0
2025-10-01,09:25:57.000,444.5,300.0,444.0,445.0,75.0
2025-10-01,09:25:58.000,443.52,75.0,443.05,444.0,75.0
2025-10-01,09:25:59.000,443.1,225.0,442.55,443.65,75.0
2025-10-01,09:26:00.000,443.1,225.0,442.55,443.65,75.0
2025-10-01,09:26:01.000,442.88,450.0,442.5,443.25,225.0
2025-10-01,09:26:02.000,442.88,450.0,442.5,443.25,225.0
2025-10-01,09:26:03.000,442.95,375.0,442.4,443.5,450.0
2025-10-01,09:26:04.000,443.02,375.0,442.5,443.55,225.0
2025-10-01,09:26:05.000,443.02,375.0,442.5,443.55,225.0
2025-10-01,09:26:06.000,441.58,225.0,441.05,442.1,150.0
2025-10-01,09:26:07.000,441.58,225.0,441.05,442.1,150.0
2025-10-01,09:26:08.000,441.1,525.0,440.55,441.65,225.0
2025-10-01,09:26:09.000,441.08,300.0,440.55,441.6,375.0
2025-10-01,09:26:10.000,441.08,300.0,440.55,441.6,375.0
2025-10-01,09:26:11.000,440.62,75.0,440.15,441.1,150.0
2025-10-01,09:26:12.000,440.62,75.0,440.15,441.1,150.0
2025-10-01,09:26:13.000,440.25,300.0,439.8,440.7,225.0
2025-10-01,09:26:14.000,438.78,75.0,438.3,439.25,525.0
2025-10-01,09:26:15.000,438.78,75.0,438.3,439.25,525.0
2025-10-01,09:26:16.000,438.12,600.0,437.6,438.65,300.0
2025-10-01,09:26:17.000,438.12,600.0,437.6,438.65,300.0
2025-10-01,09:26:18.000,438.7,75.0,438.15,439.25,75.0
2025-10-01,09:26:19.000,440.48,375.0,439.85,441.1,150.0
2025-10-01,09:26:20.000,440.48,375.0,439.85,441.1,150.0
2025-10-01,09:26:21.000,441.95,150.0,441.45,442.45,75.0
2025-10-01,09:26:22.000,441.95,150.0,441.45,442.45,75.0
2025-10-01,09:26:23.000,441.98,300.0,441.45,442.5,300.0
2025-10-01,09:26:24.000,441.85,75.0,441.3,442.4,225.0
2025-10-01,09:26:25.000,441.85,75.0,441.3,442.4,225.0
2025-10-01,09:26:26.000,442.92,375.0,442.4,443.45,300.0
2025-10-01,09:26:27.000,442.92,375.0,442.4,443.45,300.0
2025-10-01,09:26:28.000,443.08,75.0,442.6,443.55,75.0
2025-10-01,09:26:29.000,442.3,600.0,442.0,442.6,75.0
2025-10-01,09:26:30.000,442.3,600.0,442.0,442.6,75.0
2025-10-01,09:26:31.000,442.32,75.0,441.7,442.95,75.0
2025-10-01,09:26:32.000,442.32,75.0,441.7,442.95,75.0
2025-10-01,09:26:33.000,443.12,225.0,442.7,443.55,75.0
2025-10-01,09:26:34.000,442.25,300.0,441.7,442.8,225.0
2025-10-01,09:26:35.000,442.25,300.0,441.7,442.8,225.0
2025-10-01,09:26:36.000,442.62,225.0,442.1,443.15,375.0
2025-10-01,09:26:37.000,442.62,225.0,442.1,443.15,375.0
2025-10-01,09:26:38.000,443.35,225.0,442.85,443.85,75.0
2025-10-01,09:26:39.000,443.02,75.0,442.6,443.45,75.0
2025-10-01,09:26:40.000,443.02,75.0,442.6,443.45,75.0
2025-10-01,09:26:41.000,443.9,75.0,443.4,444.4,525.0
2025-10-01,09:26:42.000,443.9,75.0,443.4,444.4,525.0
2025-10-01,09:26:43.000,445.33,75.0,444.85,445.8,75.0
2025-10-01,09:26:44.000,444.7,225.0,444.15,445.25,225.0
2025-10-01,09:26:45.000,444.7,225.0,444.15,445.25,225.0
2025-10-01,09:26:46.000,444.55,75.0,444.0,445.1,75.0
2025-10-01,09:26:47.000,444.55,75.0,444.0,445.1,75.0
2025-10-01,09:26:48.000,444.0,75.0,443.5,444.5,300.0
2025-10-01,09:26:49.000,444.7,225.0,444.15,445.25,450.0
2025-10-01,09:26:50.000,444.7,225.0,444.15,445.25,450.0
2025-10-01,09:26:51.000,445.7,150.0,445.4,446.0,75.0
2025-10-01,09:26:52.000,445.7,150.0,445.4,446.0,75.0
2025-10-01,09:26:53.000,445.1,225.0,444.7,445.5,150.0
2025-10-01,09:26:54.000,445.35,150.0,444.8,445.9,225.0
2025-10-01,09:26:55.000,445.35,150.0,444.8,445.9,225.0
2025-10-01,09:26:56.000,445.45,75.0,445.0,445.9,75.0
2025-10-01,09:26:57.000,445.45,75.0,445.0,445.9,75.0
2025-10-01,09:26:58.000,444.95,75.0,444.4,445.5,525.0
2025-10-01,09:26:59.000,445.05,75.0,444.6,445.5,150.0
2025-10-01,09:27:00.000,445.05,75.0,444.6,445.5,150.0
2025-10-01,09:27:01.000,445.7,75.0,445.15,446.25,375.0
2025-10-01,09:27:02.000,445.7,75.0,445.15,446.25,375.0
2025-10-01,09:27:03.000,445.4,225.0,444.8,446.0,225.0
2025-10-01,09:27:04.000,445.12,375.0,444.6,445.65,75.0
2025-10-01,09:27:05.000,445.12,375.0,444.6,445.65,75.0
2025-10-01,09:27:06.000,444.38,150.0,443.8,444.95,300.0
2025-10-01,09:27:07.000,444.38,150.0,443.8,444.95,300.0
2025-10-01,09:27:08.000,445.05,300.0,444.6,445.5,225.0
2025-10-01,09:27:09.000,445.15,150.0,444.75,445.55,150.0
2025-10-01,09:27:10.000,445.15,150.0,444.75,445.55,150.0
2025-10-01,09:27:11.000,445.7,225.0,445.2,446.2,75.0
2025-10-01,09:27:12.000,445.7,225.0,445.2,446.2,75.0
2025-10-01,09:27:13.000,445.48,150.0,444.95,446.0,225.0
2025-10-01,09:27:14.000,444.82,300.0,444.15,445.5,450.0
2025-10-01,09:27:15.000,444.82,300.0,444.15,445.5,450.0
2025-10-01,09:27:16.000,445.83,225.0,445.3,446.35,525.0
2025-10-01,09:27:17.000,445.83,225.0,445.3,446.35,525.0
2025-10-01,09:27:18.000,445.85,450.0,445.35,446.35,450.0
2025-10-01,09:27:19.000,444.62,225.0,444.05,445.2,225.0
2025-10-01,09:27:20.000,444.62,225.0,444.05,445.2,225.0
2025-10-01,09:27:21.000,444.92,600.0,444.5,445.35,75.0
2025-10-01,09:27:22.000,444.92,600.0,444.5,445.35,75.0
2025-10-01,09:27:23.000,444.78,150.0,444.3,445.25,150.0
2025-10-01,09:27:24.000,444.52,150.0,444.05,445.0,225.0
2025-10-01,09:27:25.000,444.52,150.0,444.05,445.0,225.0
2025-10-01,09:27:26.000,443.78,300.0,443.25,444.3,75.0
2025-10-01,09:27:27.000,443.78,300.0,443.25,444.3,75.0
2025-10-01,09:27:28.000,445.17,150.0,444.65,445.7,75.0
2025-10-01,09:27:29.000,445.48,300.0,445.05,445.9,75.0
2025-10-01,09:27:30.000,445.48,300.0,445.05,445.9,75.0
2025-10-01,09:27:31.000,447.58,150.0,447.15,448.0,75.0
2025-10-01,09:27:32.000,447.58,150.0,447.15,448.0,75.0
2025-10-01,09:27:33.000,446.98,75.0,446.45,447.5,225.0
2025-10-01,09:27:34.000,446.9,75.0,446.3,447.5,150.0
2025-10-01,09:27:35.000,446.9,75.0,446.3,447.5,150.0
2025-10-01,09:27:36.000,447.2,150.0,446.7,447.7,75.0
2025-10-01,09:27:37.000,447.2,150.0,446.7,447.7,75.0
2025-10-01,09:27:38.000,446.6,225.0,446.0,447.2,75.0
2025-10-01,09:27:39.000,446.12,300.0,445.55,446.7,75.0
2025-10-01,09:27:40.000,446.12,300.0,445.55,446.7,75.0
2025-10-01,09:27:41.000,445.32,225.0,444.75,445.9,75.0
2025-10-01,09:27:42.000,445.32,225.0,444.75,445.9,75.0
2025-10-01,09:27:43.000,445.08,450.0,444.5,445.65,75.0
2025-10-01,09:27:44.000,445.72,375.0,445.1,446.35,75.0
2025-10-01,09:27:45.000,445.72,375.0,445.1,446.35,75.0
2025-10-01,09:27:46.000,445.58,150.0,445.05,446.1,225.0
2025-10-01,09:27:47.000,445.58,150.0,445.05,446.1,225.0
2025-10-01,09:27:48.000,445.72,150.0,445.2,446.25,75.0
2025-10-01,09:27:49.000,445.92,375.0,445.4,446.45,75.0
2025-10-01,09:27:50.000,445.92,375.0,445.4,446.45,75.0
2025-10-01,09:27:51.000,445.6,150.0,445.5,445.7,75.0
2025-10-01,09:27:52.000,445.6,150.0,445.5,445.7,75.0
2025-10-01,09:27:53.000,445.62,150.0,445.1,446.15,75.0
2025-10-01,09:27:54.000,445.7,150.0,445.25,446.15,225.0
2025-10-01,09:27:55.000,445.7,150.0,445.25,446.15,225.0
2025-10-01,09:27:56.000,445.52,225.0,445.1,445.95,150.0
2025-10-01,09:27:57.000,445.52,225.0,445.1,445.95,150.0
2025-10-01,09:27:58.000,444.85,225.0,444.3,445.4,225.0
2025-10-01,09:27:59.000,445.0,300.0,444.45,445.55,75.0
2025-10-01,09:28:00.000,445.0,300.0,444.45,445.55,75.0
2025-10-01,09:28:01.000,445.78,75.0,445.5,446.05,150.0
2025-10-01,09:28:02.000,445.78,75.0,445.5,446.05,150.0
2025-10-01,09:28:03.000,446.28,75.0,446.0,446.55,150.0
2025-10-01,09:28:04.000,446.55,150.0,445.85,447.25,375.0
2025-10-01,09:28:05.000,446.55,150.0,445.85,447.25,375.0
2025-10-01,09:28:06.000,446.42,75.0,445.9,446.95,150.0
2025-10-01,09:28:07.000,446.42,75.0,445.9,446.95,150.0
2025-10-01,09:28:08.000,447.18,150.0,446.6,447.75,375.0
2025-10-01,09:28:09.000,446.9,225.0,446.3,447.5,825.0
2025-10-01,09:28:10.000,446.9,225.0,446.3,447.5,825.0
2025-10-01,09:28:11.000,447.35,300.0,446.85,447.85,450.0
2025-10-01,09:28:12.000,447.35,300.0,446.85,447.85,450.0
2025-10-01,09:28:13.000,447.52,150.0,447.05,448.0,75.0
2025-10-01,09:28:14.000,447.45,150.0,446.9,448.0,300.0
2025-10-01,09:28:15.000,447.45,150.0,446.9,448.0,300.0
2025-10-01,09:28:16.000,446.42,150.0,445.85,447.0,375.0
2025-10-01,09:28:17.000,446.42,150.0,445.85,447.0,375.0
2025-10-01,09:28:18.000,447.52,150.0,447.05,448.0,75.0
2025-10-01,09:28:19.000,446.65,75.0,446.1,447.2,75.0
2025-10-01,09:28:20.000,446.65,75.0,446.1,447.2,75.0
2025-10-01,09:28:21.000,446.17,75.0,445.65,446.7,300.0
2025-10-01,09:28:22.000,446.17,75.0,445.65,446.7,300.0
2025-10-01,09:28:23.000,447.0,225.0,446.5,447.5,225.0
2025-10-01,09:28:24.000,447.78,75.0,447.55,448.0,75.0
2025-10-01,09:28:25.000,447.78,75.0,447.55,448.0,75.0
2025-10-01,09:28:26.000,447.7,150.0,447.4,448.0,75.0
2025-10-01,09:28:27.000,447.7,150.0,447.4,448.0,75.0
2025-10-01,09:28:28.000,448.48,150.0,447.95,449.0,525.0
2025-10-01,09:28:29.000,448.4,150.0,447.85,448.95,75.0
2025-10-01,09:28:30.000,448.4,150.0,447.85,448.95,75.0
2025-10-01,09:28:31.000,449.42,75.0,448.95,449.9,75.0
2025-10-01,09:28:32.000,449.42,75.0,448.95,449.9,75.0
2025-10-01,09:28:33.000,449.02,150.0,448.4,449.65,75.0
2025-10-01,09:28:34.000,449.22,150.0,448.8,449.65,75.0
2025-10-01,09:28:35.000,449.22,150.0,448.8,449.65,75.0
2025-10-01,09:28:36.000,449.55,225.0,449.1,450.0,1575.0
2025-10-01,09:28:37.000,449.55,225.0,449.1,450.0,1575.0
2025-10-01,09:28:38.000,449.7,75.0,449.4,450.0,1575.0
2025-10-01,09:28:39.000,449.38,525.0,449.0,449.75,300.0
2025-10-01,09:28:40.000,449.38,525.0,449.0,449.75,300.0
2025-10-01,09:28:41.000,449.18,225.0,448.6,449.75,450.0
2025-10-01,09:28:42.000,449.18,225.0,448.6,449.75,450.0
2025-10-01,09:28:43.000,448.9,450.0,448.35,449.45,375.0
2025-10-01,09:28:44.000,449.2,150.0,448.65,449.75,300.0
2025-10-01,09:28:45.000,449.2,150.0,448.65,449.75,300.0
2025-10-01,09:28:46.000,449.2,75.0,448.65,449.75,225.0
2025-10-01,09:28:47.000,449.2,75.0,448.65,449.75,225.0
2025-10-01,09:28:48.000,449.55,225.0,449.1,450.0,1650.0
2025-10-01,09:28:49.000,449.05,225.0,448.5,449.6,75.0
2025-10-01,09:28:50.000,449.05,225.0,448.5,449.6,75.0
2025-10-01,09:28:51.000,448.52,75.0,448.05,449.0,75.0
2025-10-01,09:28:52.000,448.52,75.0,448.05,449.0,75.0
2025-10-01,09:28:53.000,447.92,75.0,447.45,448.4,75.0
2025-10-01,09:28:54.000,448.58,300.0,448.15,449.0,75.0
2025-10-01,09:28:55.000,448.58,300.0,448.15,449.0,75.0
2025-10-01,09:28:56.000,448.68,225.0,448.1,449.25,375.0
2025-10-01,09:28:57.000,448.68,225.0,448.1,449.25,375.0
2025-10-01,09:28:58.000,448.38,225.0,447.8,448.95,75.0
2025-10-01,09:28:59.000,448.32,75.0,447.75,448.9,75.0
2025-10-01,09:29:00.000,448.32,75.0,447.75,448.9,75.0
2025-10-01,09:29:01.000,448.65,225.0,448.05,449.25,300.0
2025-10-01,09:29:02.000,448.65,225.0,448.05,449.25,300.0
2025-10-01,09:29:03.000,447.9,225.0,447.35,448.45,75.0
2025-10-01,09:29:04.000,448.3,450.0,447.75,448.85,75.0
2025-10-01,09:29:05.000,448.3,450.0,447.75,448.85,75.0
2025-10-01,09:29:06.000,448.2,375.0,447.65,448.75,225.0
2025-10-01,09:29:07.000,448.2,375.0,447.65,448.75,225.0
2025-10-01,09:29:08.000,447.88,75.0,447.5,448.25,150.0
2025-10-01,09:29:09.000,448.08,300.0,447.5,448.65,975.0
2025-10-01,09:29:10.000,448.08,300.0,447.5,448.65,975.0
2025-10-01,09:29:11.000,447.42,75.0,446.85,448.0,675.0
2025-10-01,09:29:12.000,447.42,75.0,446.85,448.0,675.0
2025-10-01,09:29:13.000,448.15,150.0,447.55,448.75,225.0
2025-10-01,09:29:14.000,447.75,75.0,447.2,448.3,75.0
2025-10-01,09:29:15.000,447.75,75.0,447.2,448.3,75.0
2025-10-01,09:29:16.000,447.75,75.0,447.15,448.35,75.0
2025-10-01,09:29:17.000,447.75,75.0,447.15,448.35,75.0
2025-10-01,09:29:18.000,446.5,150.0,446.0,447.0,300.0
2025-10-01,09:29:19.000,447.15,75.0,446.7,447.6,75.0
2025-10-01,09:29:20.000,447.15,75.0,446.7,447.6,75.0
2025-10-01,09:29:21.000,447.33,225.0,446.85,447.8,75.0
2025-10-01,09:29:22.000,447.33,225.0,446.85,447.8,75.0
2025-10-01,09:29:23.000,449.8,75.0,449.6,450.0,1200.0
2025-10-01,09:29:24.000,448.98,225.0,448.35,449.6,300.0
2025-10-01,09:29:25.000,448.98,225.0,448.35,449.6,300.0
2025-10-01,09:29:26.000,449.5,75.0,449.0,450.0,1275.0
2025-10-01,09:29:27.000,449.02,75.0,448.55,449.5,300.0
2025-10-01,09:29:28.000,449.02,75.0,448.55,449.5,300.0
2025-10-01,09:29:29.000,449.28,75.0,449.05,449.5,300.0
2025-10-01,09:29:30.000,449.28,75.0,449.05,449.5,300.0
2025-10-01,09:29:31.000,449.42,300.0,448.9,449.95,150.0
2025-10-01,09:29:32.000,449.38,375.0,448.8,449.95,225.0
2025-10-01,09:29:33.000,449.38,375.0,448.8,449.95,225.0
2025-10-01,09:29:34.000,449.55,225.0,449.1,450.0,825.0
2025-10-01,09:29:35.000,449.55,225.0,449.1,450.0,825.0
2025-10-01,09:29:36.000,449.62,375.0,449.25,450.0,825.0
2025-10-01,09:29:37.000,449.68,150.0,449.35,450.0,825.0
2025-10-01,09:29:38.000,449.68,150.0,449.35,450.0,825.0
2025-10-01,09:29:39.000,450.6,375.0,450.2,451.0,75.0
2025-10-01,09:29:40.000,450.6,375.0,450.2,451.0,75.0
2025-10-01,09:29:41.000,450.9,225.0,450.3,451.5,225.0
2025-10-01,09:29:42.000,450.3,150.0,449.65,450.95,225.0
2025-10-01,09:29:43.000,450.3,150.0,449.65,450.95,225.0
2025-10-01,09:29:44.000,450.62,150.0,450.05,451.2,225.0
2025-10-01,09:29:45.000,450.62,150.0,450.05,451.2,225.0
2025-10-01,09:29:46.000,450.35,150.0,449.8,450.9,375.0
2025-10-01,09:29:47.000,450.35,150.0,449.8,450.9,375.0
2025-10-01,09:29:48.000,450.35,450.0,449.75,450.95,225.0
2025-10-01,09:29:49.000,449.5,300.0,448.95,450.05,75.0
2025-10-01,09:29:50.000,449.5,300.0,448.95,450.05,75.0
2025-10-01,09:29:51.000,448.65,525.0,448.05,449.25,150.0
2025-10-01,09:29:52.000,449.12,150.0,448.55,449.7,75.0
2025-10-01,09:29:53.000,449.12,150.0,448.55,449.7,75.0
2025-10-01,09:29:54.000,450.38,225.0,449.75,451.0,150.0
2025-10-01,09:29:55.000,450.38,225.0,449.75,451.0,150.0
2025-10-01,09:29:56.000,450.5,225.0,450.05,450.95,225.0
2025-10-01,09:29:57.000,450.9,150.0,450.35,451.45,75.0
2025-10-01,09:29:58.000,450.9,150.0,450.35,451.45,75.0
2025-10-01,09:29:59.000,450.75,150.0,450.15,451.35,75.0
2025-10-01,09:30:00.000,450.75,150.0,450.15,451.35,75.0
2025-10-01,09:30:01.000,450.15,825.0,449.85,450.45,75.0
2025-10-01,09:30:02.000,451.05,150.0,450.55,451.55,75.0
2025-10-01,09:30:03.000,451.05,150.0,450.55,451.55,75.0
2025-10-01,09:30:04.000,451.02,150.0,450.55,451.5,225.0
2025-10-01,09:30:05.000,451.02,150.0,450.55,451.5,225.0
2025-10-01,09:30:06.000,451.25,75.0,450.75,451.75,225.0
2025-10-01,09:30:07.000,451.45,75.0,450.95,451.95,75.0
2025-10-01,09:30:08.000,451.45,75.0,450.95,451.95,75.0
2025-10-01,09:30:09.000,451.35,375.0,450.9,451.8,75.0
2025-10-01,09:30:10.000,451.35,375.0,450.9,451.8,75.0
2025-10-01,09:30:11.000,450.78,150.0,450.45,451.1,1125.0
2025-10-01,09:30:12.000,450.15,225.0,449.6,450.7,150.0
2025-10-01,09:30:13.000,450.15,225.0,449.6,450.7,150.0
2025-10-01,09:30:14.000,449.55,150.0,449.0,450.1,75.0
2025-10-01,09:30:15.000,449.55,150.0,449.0,450.1,75.0
2025-10-01,09:30:16.000,449.6,225.0,449.2,450.0,150.0
2025-10-01,09:30:17.000,450.0,75.0,449.55,450.45,150.0
2025-10-01,09:30:18.000,450.0,75.0,449.55,450.45,150.0
2025-10-01,09:30:19.000,449.22,150.0,448.7,449.75,150.0
2025-10-01,09:30:20.000,449.22,150.0,448.7,449.75,150.0
2025-10-01,09:30:21.000,450.3,225.0,449.85,450.75,150.0
2025-10-01,09:30:22.000,449.42,225.0,448.9,449.95,225.0
2025-10-01,09:30:23.000,449.42,225.0,448.9,449.95,225.0
2025-10-01,09:30:24.000,448.75,150.0,448.25,449.25,150.0
2025-10-01,09:30:25.000,448.75,150.0,448.25,449.25,150.0
2025-10-01,09:30:26.000,448.92,225.0,448.35,449.5,150.0
2025-10-01,09:30:27.000,448.45,375.0,448.0,448.9,75.0
2025-10-01,09:30:28.000,448.45,375.0,448.0,448.9,75.0
2025-10-01,09:30:29.000,447.78,75.0,447.15,448.4,75.0
2025-10-01,09:30:30.000,447.78,75.0,447.15,448.4,75.0
2025-10-01,09:30:31.000,448.82,75.0,448.45,449.2,225.0
2025-10-01,09:30:32.000,448.98,75.0,448.45,449.5,525.0
2025-10-01,09:30:33.000,448.98,75.0,448.45,449.5,525.0
2025-10-01,09:30:34.000,449.2,150.0,448.7,449.7,150.0
2025-10-01,09:30:35.000,449.85,150.0,449.25,450.45,75.0
2025-10-01,09:30:36.000,449.85,150.0,449.25,450.45,75.0
2025-10-01,09:30:37.000,449.92,75.0,449.35,450.5,525.0
2025-10-01,09:30:38.000,449.92,75.0,449.35,450.5,525.0
2025-10-01,09:30:39.000,450.15,150.0,449.6,450.7,150.0
2025-10-01,09:30:40.000,451.15,75.0,450.6,451.7,75.0
2025-10-01,09:30:41.000,451.15,75.0,450.6,451.7,75.0
2025-10-01,09:30:42.000,452.5,150.0,452.0,453.0,225.0
2025-10-01,09:30:43.000,452.5,150.0,452.0,453.0,225.0
2025-10-01,09:30:44.000,451.92,75.0,451.35,452.5,450.0
2025-10-01,09:30:45.000,452.32,75.0,451.65,453.0,375.0
2025-10-01,09:30:46.000,452.32,75.0,451.65,453.0,375.0
2025-10-01,09:30:47.000,453.05,75.0,452.6,453.5,450.0
2025-10-01,09:30:48.000,453.05,75.0,452.6,453.5,450.0
2025-10-01,09:30:49.000,454.05,225.0,453.65,454.45,225.0
2025-10-01,09:30:50.000,453.02,300.0,452.45,453.6,75.0
2025-10-01,09:30:51.000,453.02,300.0,452.45,453.6,75.0
2025-10-01,09:30:52.000,452.6,150.0,452.0,453.2,225.0
2025-10-01,09:30:53.000,452.6,150.0,452.0,453.2,225.0
2025-10-01,09:30:54.000,453.15,150.0,452.6,453.7,225.0
2025-10-01,09:30:55.000,453.52,300.0,453.0,454.05,225.0
2025-10-01,09:30:56.000,453.52,300.0,453.0,454.05,225.0
2025-10-01,09:30:57.000,452.72,150.0,452.15,453.3,225.0
2025-10-01,09:30:58.000,452.72,150.0,452.15,453.3,225.0
2025-10-01,09:30:59.000,453.05,375.0,452.55,453.55,75.0
2025-10-01,09:31:00.000,452.75,150.0,452.15,453.35,75.0
2025-10-01,09:31:01.000,452.75,150.0,452.15,453.35,75.0
2025-10-01,09:31:02.000,453.08,75.0,452.55,453.6,75.0
2025-10-01,09:31:03.000,453.08,75.0,452.55,453.6,75.0
2025-10-01,09:31:04.000,453.85,75.0,453.3,454.4,375.0
2025-10-01,09:31:05.000,454.0,150.0,453.5,454.5,75.0
2025-10-01,09:31:06.000,454.0,150.0,453.5,454.5,75.0
2025-10-01,09:31:07.000,453.15,150.0,452.6,453.7,75.0
2025-10-01,09:31:08.000,453.15,150.0,452.6,453.7,75.0
2025-10-01,09:31:09.000,452.62,300.0,452.1,453.15,150.0
2025-10-01,09:31:10.000,451.95,150.0,451.4,452.5,225.0
2025-10-01,09:31:11.000,451.95,150.0,451.4,452.5,225.0
2025-10-01,09:31:12.000,451.78,75.0,451.3,452.25,75.0
2025-10-01,09:31:13.000,451.78,75.0,451.3,452.25,75.0
2025-10-01,09:31:14.000,453.6,225.0,453.0,454.2,300.0
2025-10-01,09:31:15.000,453.7,150.0,453.15,454.25,150.0
2025-10-01,09:31:16.000,453.7,150.0,453.15,454.25,150.0
2025-10-01,09:31:17.000,452.65,300.0,452.15,453.15,75.0
2025-10-01,09:31:18.000,452.65,300.0,452.15,453.15,75.0
2025-10-01,09:31:19.000,453.15,225.0,452.6,453.7,75.0
2025-10-01,09:31:20.000,453.08,75.0,452.55,453.6,75.0
2025-10-01,09:31:21.000,453.08,75.0,452.55,453.6,75.0
2025-10-01,09:31:22.000,453.35,225.0,452.8,453.9,75.0
2025-10-01,09:31:23.000,453.35,225.0,452.8,453.9,75.0
2025-10-01,09:31:24.000,453.08,375.0,452.55,453.6,75.0
2025-10-01,09:31:25.000,453.2,225.0,452.65,453.75,75.0
2025-10-01,09:31:26.000,453.2,225.0,452.65,453.75,75.0
2025-10-01,09:31:27.000,453.0,225.0,452.6,453.4,375.0
2025-10-01,09:31:28.000,453.0,225.0,452.6,453.4,375.0
2025-10-01,09:31:29.000,451.5,300.0,451.0,452.0,300.0
2025-10-01,09:31:30.000,451.62,150.0,451.25,452.0,75.0
2025-10-01,09:31:31.000,451.62,150.0,451.25,452.0,75.0
2025-10-01,09:31:32.000,451.48,150.0,451.0,451.95,225.0
2025-10-01,09:31:33.000,451.48,150.0,451.0,451.95,225.0
2025-10-01,09:31:34.000,452.15,75.0,451.65,452.65,150.0
2025-10-01,09:31:35.000,451.72,225.0,451.15,452.3,75.0
2025-10-01,09:31:36.000,451.72,225.0,451.15,452.3,75.0
2025-10-01,09:31:37.000,452.35,225.0,452.0,452.7,3750.0
2025-10-01,09:31:38.000,452.35,225.0,452.0,452.7,3750.0
2025-10-01,09:31:39.000,452.48,300.0,452.25,452.7,3675.0
2025-10-01,09:31:40.000,452.45,150.0,452.2,452.7,3675.0
2025-10-01,09:31:41.000,452.45,150.0,452.2,452.7,3675.0
2025-10-01,09:31:42.000,452.95,150.0,452.35,453.55,150.0
2025-10-01,09:31:43.000,452.95,150.0,452.35,453.55,150.0
2025-10-01,09:31:44.000,453.35,300.0,452.8,453.9,75.0
2025-10-01,09:31:45.000,453.35,225.0,452.85,453.85,150.0
2025-10-01,09:31:46.000,453.35,225.0,452.85,453.85,150.0
2025-10-01,09:31:47.000,452.12,225.0,451.6,452.65,150.0
2025-10-01,09:31:48.000,452.12,225.0,451.6,452.65,150.0
2025-10-01,09:31:49.000,452.05,225.0,451.55,452.55,75.0
2025-10-01,09:31:50.000,452.45,75.0,451.9,453.0,300.0
2025-10-01,09:31:51.000,452.45,75.0,451.9,453.0,300.0
2025-10-01,09:31:52.000,452.38,150.0,451.8,452.95,225.0
2025-10-01,09:31:53.000,452.38,150.0,451.8,452.95,225.0
2025-10-01,09:31:54.000,452.35,75.0,451.85,452.85,75.0
2025-10-01,09:31:55.000,452.12,225.0,451.55,452.7,225.0
2025-10-01,09:31:56.000,452.12,225.0,451.55,452.7,225.0
2025-10-01,09:31:57.000,450.6,225.0,450.0,451.2,75.0
2025-10-01,09:31:58.000,450.6,225.0,450.0,451.2,75.0
2025-10-01,09:31:59.000,449.35,150.0,448.75,449.95,75.0
2025-10-01,09:32:00.000,449.52,75.0,448.95,450.1,225.0
2025-10-01,09:32:01.000,449.52,75.0,448.95,450.1,225.0
2025-10-01,09:32:02.000,449.62,225.0,449.0,450.25,600.0
2025-10-01,09:32:03.000,449.62,225.0,449.0,450.25,600.0
2025-10-01,09:32:04.000,451.15,225.0,450.55,451.75,525.0
2025-10-01,09:32:05.000,450.95,150.0,450.4,451.5,150.0
2025-10-01,09:32:06.000,450.95,150.0,450.4,451.5,150.0
2025-10-01,09:32:07.000,450.72,150.0,450.2,451.25,225.0
2025-10-01,09:32:08.000,450.72,150.0,450.2,451.25,225.0
2025-10-01,09:32:09.000,450.7,300.0,450.15,451.25,150.0
2025-10-01,09:32:10.000,449.62,300.0,449.0,450.25,75.0
2025-10-01,09:32:11.000,449.62,300.0,449.0,450.25,75.0
2025-10-01,09:32:12.000,450.28,225.0,449.7,450.85,225.0
2025-10-01,09:32:13.000,450.1,300.0,449.55,450.65,150.0
2025-10-01,09:32:14.000,450.1,300.0,449.55,450.65,150.0
2025-10-01,09:32:15.000,449.9,300.0,449.4,450.4,150.0
2025-10-01,09:32:16.000,449.9,300.0,449.4,450.4,150.0
2025-10-01,09:32:17.000,449.08,375.0,448.5,449.65,225.0
2025-10-01,09:32:18.000,449.42,150.0,449.25,449.6,750.0
2025-10-01,09:32:19.000,449.42,150.0,449.25,449.6,750.0
2025-10-01,09:32:20.000,449.8,75.0,449.25,450.35,225.0
2025-10-01,09:32:21.000,449.8,75.0,449.25,450.35,225.0
2025-10-01,09:32:22.000,449.65,150.0,449.05,450.25,300.0
2025-10-01,09:32:23.000,449.58,225.0,449.15,450.0,150.0
2025-10-01,09:32:24.000,449.58,225.0,449.15,450.0,150.0
2025-10-01,09:32:25.000,449.62,75.0,449.3,449.95,225.0
2025-10-01,09:32:26.000,449.62,75.0,449.3,449.95,225.0
2025-10-01,09:32:27.000,448.88,150.0,448.25,449.5,150.0
2025-10-01,09:32:28.000,449.58,150.0,449.15,450.0,150.0
2025-10-01,09:32:29.000,449.58,150.0,449.15,450.0,150.0
2025-10-01,09:32:30.000,449.4,75.0,448.85,449.95,150.0
2025-10-01,09:32:31.000,449.4,75.0,448.85,449.95,150.0
2025-10-01,09:32:32.000,449.22,225.0,448.65,449.8,75.0
2025-10-01,09:32:33.000,449.68,225.0,449.35,450.0,375.0
2025-10-01,09:32:34.000,449.68,225.0,449.35,450.0,375.0
2025-10-01,09:32:35.000,450.2,75.0,449.75,450.65,375.0
2025-10-01,09:32:36.000,450.2,75.0,449.75,450.65,375.0
2025-10-01,09:32:37.000,449.35,150.0,448.8,449.9,75.0
2025-10-01,09:32:38.000,448.95,225.0,448.4,449.5,225.0
2025-10-01,09:32:39.000,448.95,225.0,448.4,449.5,225.0
2025-10-01,09:32:40.000,448.72,600.0,448.2,449.25,225.0
2025-10-01,09:32:41.000,448.72,600.0,448.2,449.25,225.0
2025-10-01,09:32:42.000,449.58,75.0,449.15,450.0,300.0
2025-10-01,09:32:43.000,449.45,150.0,448.95,449.95,225.0
2025-10-01,09:32:44.000,449.45,150.0,448.95,449.95,225.0
2025-10-01,09:32:45.000,449.15,75.0,448.6,449.7,225.0
2025-10-01,09:32:46.000,449.15,75.0,448.6,449.7,225.0
2025-10-01,09:32:47.000,449.58,75.0,449.15,450.0,300.0
2025-10-01,09:32:48.000,449.25,75.0,448.85,449.65,375.0
2025-10-01,09:32:49.000,449.25,75.0,448.85,449.65,375.0
2025-10-01,09:32:50.000,449.62,75.0,449.3,449.95,375.0
2025-10-01,09:32:51.000,449.62,75.0,449.3,449.95,375.0
2025-10-01,09:32:52.000,448.32,75.0,447.75,448.9,225.0
2025-10-01,09:32:53.000,447.98,75.0,447.55,448.4,300.0
2025-10-01,09:32:54.000,447.98,75.0,447.55,448.4,300.0
2025-10-01,09:32:55.000,447.55,75.0,447.1,448.0,150.0
2025-10-01,09:32:56.000,447.55,75.0,447.1,448.0,150.0
2025-10-01,09:32:57.000,448.48,225.0,447.95,449.0,150.0
2025-10-01,09:32:58.000,449.05,75.0,448.6,449.5,225.0
2025-10-01,09:32:59.000,449.05,75.0,448.6,449.5,225.0
2025-10-01,09:33:00.000,450.08,75.0,449.65,450.5,300.0
2025-10-01,09:33:01.000,450.95,75.0,450.65,451.25,225.0
2025-10-01,09:33:02.000,450.95,75.0,450.65,451.25,225.0
2025-10-01,09:33:03.000,451.42,75.0,451.15,451.7,225.0
2025-10-01,09:33:04.000,451.42,75.0,451.15,451.7,225.0
2025-10-01,09:33:05.000,451.6,75.0,451.2,452.0,150.0
2025-10-01,09:33:06.000,451.42,75.0,451.1,451.75,375.0
2025-10-01,09:33:07.000,451.42,75.0,451.1,451.75,375.0
2025-10-01,09:33:08.000,451.15,75.0,450.8,451.5,225.0
2025-10-01,09:33:09.000,451.15,75.0,450.8,451.5,225.0
2025-10-01,09:33:10.000,453.02,75.0,452.85,453.2,225.0
2025-10-01,09:33:11.000,453.22,75.0,453.0,453.45,300.0
2025-10-01,09:33:12.000,453.22,75.0,453.0,453.45,300.0
2025-10-01,09:33:13.000,451.4,75.0,450.85,451.95,150.0
2025-10-01,09:33:14.000,451.4,75.0,450.85,451.95,150.0
2025-10-01,09:33:15.000,452.4,75.0,451.85,452.95,75.0
2025-10-01,09:33:16.000,451.85,75.0,451.7,452.0,75.0
2025-10-01,09:33:17.000,451.85,75.0,451.7,452.0,75.0
2025-10-01,09:33:18.000,451.6,75.0,451.2,452.0,75.0
2025-10-01,09:33:19.000,451.6,75.0,451.2,452.0,75.0
2025-10-01,09:33:20.000,451.98,75.0,451.5,452.45,150.0
2025-10-01,09:33:21.000,453.25,75.0,453.0,453.5,225.0
2025-10-01,09:33:22.000,453.25,75.0,453.0,453.5,225.0
2025-10-01,09:33:23.000,453.4,75.0,453.05,453.75,375.0
2025-10-01,09:33:24.000,453.4,75.0,453.05,453.75,375.0
2025-10-01,09:33:25.000,453.08,75.0,452.7,453.45,300.0
2025-10-01,09:33:26.000,454.0,225.0,453.5,454.5,150.0
2025-10-01,09:33:27.000,454.0,225.0,453.5,454.5,150.0
2025-10-01,09:33:28.000,454.75,75.0,454.5,455.0,525.0
2025-10-01,09:33:29.000,454.75,75.0,454.5,455.0,525.0
2025-10-01,09:33:30.000,454.35,75.0,454.2,454.5,150.0
2025-10-01,09:33:31.000,454.6,75.0,454.2,455.0,150.0
2025-10-01,09:33:32.000,454.6,75.0,454.2,455.0,150.0
2025-10-01,09:33:33.000,453.8,75.0,453.15,454.45,150.0
2025-10-01,09:33:34.000,453.8,75.0,453.15,454.45,150.0
2025-10-01,09:33:35.000,453.2,225.0,452.55,453.85,300.0
2025-10-01,09:33:36.000,453.6,225.0,453.0,454.2,150.0
2025-10-01,09:33:37.000,453.6,225.0,453.0,454.2,150.0
2025-10-01,09:33:38.000,453.52,75.0,452.9,454.15,225.0
2025-10-01,09:33:39.000,453.52,75.0,452.9,454.15,225.0
2025-10-01,09:33:40.000,451.8,375.0,451.25,452.35,150.0
2025-10-01,09:33:41.000,452.35,225.0,451.75,452.95,300.0
2025-10-01,09:33:42.000,452.35,225.0,451.75,452.95,300.0
2025-10-01,09:33:43.000,453.1,225.0,452.5,453.7,225.0
2025-10-01,09:33:44.000,453.1,225.0,452.5,453.7,225.0
2025-10-01,09:33:45.000,453.2,225.0,452.65,453.75,225.0
2025-10-01,09:33:46.000,452.88,75.0,452.3,453.45,225.0
2025-10-01,09:33:47.000,452.88,75.0,452.3,453.45,225.0
2025-10-01,09:33:48.000,452.38,225.0,451.75,453.0,525.0
2025-10-01,09:33:49.000,452.38,225.0,451.75,453.0,525.0
2025-10-01,09:33:50.000,452.18,225.0,452.0,452.35,150.0
2025-10-01,09:33:51.000,453.52,75.0,453.0,454.05,75.0
2025-10-01,09:33:52.000,453.52,75.0,453.0,454.05,75.0
2025-10-01,09:33:53.000,452.8,225.0,452.3,453.3,75.0
2025-10-01,09:33:54.000,452.8,225.0,452.3,453.3,75.0
2025-10-01,09:33:55.000,453.9,225.0,453.35,454.45,75.0
2025-10-01,09:33:56.000,453.38,150.0,452.8,453.95,75.0
2025-10-01,09:33:57.000,453.38,150.0,452.8,453.95,75.0
2025-10-01,09:33:58.000,453.05,375.0,452.5,453.6,75.0
2025-10-01,09:33:59.000,453.05,375.0,452.5,453.6,75.0
2025-10-01,09:34:00.000,453.68,75.0,453.1,454.25,300.0
2025-10-01,09:34:01.000,454.1,225.0,453.55,454.65,75.0
2025-10-01,09:34:02.000,454.1,225.0,453.55,454.65,75.0
2025-10-01,09:34:03.000,454.02,225.0,453.5,454.55,225.0
2025-10-01,09:34:04.000,454.02,225.0,453.5,454.55,225.0
2025-10-01,09:34:05.000,454.0,225.0,453.5,454.5,375.0
2025-10-01,09:34:06.000,454.0,225.0,453.5,454.5,375.0
2025-10-01,09:34:07.000,453.55,300.0,453.25,453.85,300.0
2025-10-01,09:34:08.000,453.52,375.0,453.0,454.05,150.0
2025-10-01,09:34:09.000,453.52,375.0,453.0,454.05,150.0
2025-10-01,09:34:10.000,454.18,150.0,453.75,454.6,75.0
2025-10-01,09:34:11.000,454.18,150.0,453.75,454.6,75.0
2025-10-01,09:34:12.000,454.52,375.0,454.05,455.0,75.0
2025-10-01,09:34:13.000,453.82,300.0,453.2,454.45,150.0
2025-10-01,09:34:14.000,453.82,300.0,453.2,454.45,150.0
2025-10-01,09:34:15.000,454.38,225.0,453.8,454.95,225.0
2025-10-01,09:34:16.000,454.38,225.0,453.8,454.95,225.0
2025-10-01,09:34:17.000,454.52,150.0,454.05,455.0,75.0
2025-10-01,09:34:18.000,454.58,150.0,454.0,455.15,150.0
2025-10-01,09:34:19.000,454.58,150.0,454.0,455.15,150.0
2025-10-01,09:34:20.000,454.62,225.0,454.05,455.2,75.0
2025-10-01,09:34:21.000,454.62,225.0,454.05,455.2,75.0
2025-10-01,09:34:22.000,456.08,150.0,455.45,456.7,150.0
2025-10-01,09:34:23.000,457.3,75.0,456.8,457.8,150.0
2025-10-01,09:34:24.000,457.3,75.0,456.8,457.8,150.0
2025-10-01,09:34:25.000,456.32,150.0,455.75,456.9,450.0
2025-10-01,09:34:26.000,456.32,150.0,455.75,456.9,450.0
2025-10-01,09:34:27.000,455.55,150.0,454.85,456.25,225.0
2025-10-01,09:34:28.000,455.6,375.0,455.0,456.2,75.0
2025-10-01,09:34:29.000,455.6,375.0,455.0,456.2,75.0
2025-10-01,09:34:30.000,454.95,300.0,454.4,455.5,225.0
2025-10-01,09:34:31.000,453.92,300.0,453.4,454.45,75.0
2025-10-01,09:34:32.000,453.92,300.0,453.4,454.45,75.0
2025-10-01,09:34:33.000,454.62,75.0,454.1,455.15,75.0
2025-10-01,09:34:34.000,454.62,75.0,454.1,455.15,75.0
2025-10-01,09:34:35.000,455.68,375.0,455.1,456.25,450.0
2025-10-01,09:34:36.000,455.82,375.0,455.25,456.4,75.0
2025-10-01,09:34:37.000,455.82,375.0,455.25,456.4,75.0
2025-10-01,09:34:38.000,455.38,375.0,454.8,455.95,75.0
2025-10-01,09:34:39.000,455.38,375.0,454.8,455.95,75.0
2025-10-01,09:34:40.000,455.1,225.0,454.55,455.65,75.0
2025-10-01,09:34:41.000,455.5,150.0,455.0,456.0,375.0
2025-10-01,09:34:42.000,455.5,150.0,455.0,456.0,375.0
2025-10-01,09:34:43.000,455.38,300.0,454.85,455.9,75.0
2025-10-01,09:34:44.000,455.38,300.0,454.85,455.9,75.0
2025-10-01,09:34:45.000,454.72,225.0,454.15,455.3,75.0
2025-10-01,09:34:46.000,454.62,150.0,454.1,455.15,375.0
2025-10-01,09:34:47.000,454.62,150.0,454.1,455.15,375.0
2025-10-01,09:34:48.000,454.18,300.0,453.55,454.8,225.0
2025-10-01,09:34:49.000,454.18,300.0,453.55,454.8,225.0
2025-10-01,09:34:50.000,454.5,300.0,453.95,455.05,75.0
2025-10-01,09:34:51.000,454.3,150.0,453.75,454.85,150.0
2025-10-01,09:34:52.000,454.3,150.0,453.75,454.85,150.0
2025-10-01,09:34:53.000,454.28,150.0,453.75,454.8,150.0
2025-10-01,09:34:54.000,454.28,150.0,453.75,454.8,150.0
2025-10-01,09:34:55.000,454.17,225.0,453.65,454.7,150.0
2025-10-01,09:34:56.000,454.68,225.0,454.1,455.25,525.0
2025-10-01,09:34:57.000,454.68,225.0,454.1,455.25,525.0
2025-10-01,09:34:58.000,454.65,300.0,454.05,455.25,525.0
2025-10-01,09:34:59.000,454.65,300.0,454.05,455.25,525.0
2025-10-01,09:35:00.000,454.62,375.0,454.05,455.2,150.0
2025-10-01,09:35:01.000,455.33,75.0,454.8,455.85,150.0
2025-10-01,09:35:02.000,455.33,75.0,454.8,455.85,150.0
2025-10-01,09:35:03.000,456.4,225.0,455.85,456.95,150.0
2025-10-01,09:35:04.000,456.4,225.0,455.85,456.95,150.0
2025-10-01,09:35:05.000,457.05,150.0,456.5,457.6,225.0
2025-10-01,09:35:06.000,457.2,150.0,456.55,457.85,225.0
2025-10-01,09:35:07.000,457.2,150.0,456.55,457.85,225.0
2025-10-01,09:35:08.000,456.68,150.0,456.05,457.3,75.0
2025-10-01,09:35:09.000,456.68,150.0,456.05,457.3,75.0
2025-10-01,09:35:10.000,456.48,300.0,455.8,457.15,75.0
2025-10-01,09:35:11.000,456.42,450.0,455.85,457.0,75.0
2025-10-01,09:35:12.000,456.42,450.0,455.85,457.0,75.0
2025-10-01,09:35:13.000,455.88,225.0,455.3,456.45,150.0
2025-10-01,09:35:14.000,455.88,225.0,455.3,456.45,150.0
2025-10-01,09:35:15.000,456.12,75.0,455.7,456.55,75.0
2025-10-01,09:35:16.000,456.22,75.0,455.7,456.75,75.0
2025-10-01,09:35:17.000,456.22,75.0,455.7,456.75,75.0
2025-10-01,09:35:18.000,455.95,375.0,455.4,456.5,75.0
2025-10-01,09:35:19.000,455.95,375.0,455.4,456.5,75.0
2025-10-01,09:35:20.000,455.7,75.0,455.25,456.15,75.0
2025-10-01,09:35:21.000,455.2,75.0,454.65,455.75,150.0
2025-10-01,09:35:22.000,455.2,75.0,454.65,455.75,150.0
2025-10-01,09:35:23.000,455.8,150.0,455.2,456.4,300.0
2025-10-01,09:35:24.000,455.8,150.0,455.2,456.4,300.0
2025-10-01,09:35:25.000,455.58,225.0,455.05,456.1,225.0
2025-10-01,09:35:26.000,455.95,225.0,455.4,456.5,150.0
2025-10-01,09:35:27.000,455.95,225.0,455.4,456.5,150.0
2025-10-01,09:35:28.000,456.08,75.0,455.5,456.65,75.0
2025-10-01,09:35:29.000,456.08,75.0,455.5,456.65,75.0
2025-10-01,09:35:30.000,455.82,75.0,455.25,456.4,225.0
2025-10-01,09:35:31.000,455.55,150.0,455.05,456.05,150.0
2025-10-01,09:35:32.000,455.55,150.0,455.05,456.05,150.0
2025-10-01,09:35:33.000,455.65,225.0,455.05,456.25,450.0
2025-10-01,09:35:34.000,455.65,225.0,455.05,456.25,450.0
2025-10-01,09:35:35.000,455.7,225.0,455.15,456.25,75.0
2025-10-01,09:35:36.000,455.4,300.0,454.8,456.0,375.0
2025-10-01,09:35:37.000,455.4,300.0,454.8,456.0,375.0
2025-10-01,09:35:38.000,455.55,225.0,455.0,456.1,225.0
2025-10-01,09:35:39.000,455.55,225.0,455.0,456.1,225.0
2025-10-01,09:35:40.000,455.05,225.0,454.4,455.7,525.0
2025-10-01,09:35:41.000,454.8,375.0,454.25,455.35,225.0
2025-10-01,09:35:42.000,454.8,375.0,454.25,455.35,225.0
2025-10-01,09:35:43.000,454.65,225.0,454.1,455.2,300.0
2025-10-01,09:35:44.000,454.65,225.0,454.1,455.2,300.0
2025-10-01,09:35:45.000,455.0,75.0,454.5,455.5,225.0
2025-10-01,09:35:46.000,455.0,75.0,454.5,455.5,225.0
2025-10-01,09:35:47.000,455.18,150.0,454.55,455.8,300.0
2025-10-01,09:35:48.000,454.7,300.0,454.2,455.2,150.0
2025-10-01,09:35:49.000,454.7,300.0,454.2,455.2,150.0
2025-10-01,09:35:50.000,455.32,225.0,454.7,455.95,375.0
2025-10-01,09:35:51.000,453.67,75.0,453.15,454.2,75.0
2025-10-01,09:35:52.000,453.67,75.0,453.15,454.2,75.0
2025-10-01,09:35:53.000,452.85,225.0,452.3,453.4,225.0
2025-10-01,09:35:54.000,452.85,225.0,452.3,453.4,225.0
2025-10-01,09:35:55.000,453.18,225.0,452.6,453.75,75.0
2025-10-01,09:35:56.000,452.58,225.0,452.05,453.1,150.0
2025-10-01,09:35:57.000,452.58,225.0,452.05,453.1,150.0
2025-10-01,09:35:58.000,452.58,225.0,452.05,453.1,75.0
2025-10-01,09:35:59.000,452.58,225.0,452.05,453.1,75.0
2025-10-01,09:36:00.000,452.38,375.0,452.0,452.75,75.0
2025-10-01,09:36:01.000,452.15,300.0,451.6,452.7,75.0
2025-10-01,09:36:02.000,452.15,300.0,451.6,452.7,75.0
2025-10-01,09:36:03.000,453.72,75.0,453.15,454.3,300.0
2025-10-01,09:36:04.000,453.72,75.0,453.15,454.3,300.0
2025-10-01,09:36:05.000,453.92,150.0,453.4,454.45,225.0
2025-10-01,09:36:06.000,454.02,75.0,453.55,454.5,300.0
2025-10-01,09:36:07.000,454.02,75.0,453.55,454.5,300.0
2025-10-01,09:36:08.000,454.75,75.0,454.5,455.0,75.0
2025-10-01,09:36:09.000,454.75,75.0,454.5,455.0,75.0
2025-10-01,09:36:10.000,454.52,75.0,454.05,455.0,150.0
2025-10-01,09:36:11.000,456.55,75.0,456.05,457.05,75.0
2025-10-01,09:36:12.000,456.55,75.0,456.05,457.05,75.0
2025-10-01,09:36:13.000,456.85,75.0,456.25,457.45,375.0
2025-10-01,09:36:14.000,456.85,75.0,456.25,457.45,375.0
2025-10-01,09:36:15.000,456.42,225.0,455.9,456.95,225.0
2025-10-01,09:36:16.000,456.42,225.0,455.9,456.95,225.0
2025-10-01,09:36:17.000,456.9,225.0,456.35,457.45,150.0
2025-10-01,09:36:18.000,456.8,150.0,456.3,457.3,75.0
2025-10-01,09:36:19.000,456.8,150.0,456.3,457.3,75.0
2025-10-01,09:36:20.000,456.55,300.0,455.95,457.15,225.0
2025-10-01,09:36:21.000,456.55,300.0,455.95,457.15,225.0
2025-10-01,09:36:22.000,457.15,150.0,456.55,457.75,525.0
2025-10-01,09:36:23.000,456.5,75.0,455.9,457.1,150.0
2025-10-01,09:36:24.000,456.5,75.0,455.9,457.1,150.0
2025-10-01,09:36:25.000,456.5,300.0,455.9,457.1,300.0
2025-10-01,09:36:26.000,456.72,300.0,456.15,457.3,225.0
2025-10-01,09:36:27.000,456.72,300.0,456.15,457.3,225.0
2025-10-01,09:36:28.000,456.68,75.0,456.1,457.25,75.0
2025-10-01,09:36:29.000,456.68,75.0,456.1,457.25,75.0
2025-10-01,09:36:30.000,456.65,225.0,456.05,457.25,300.0
2025-10-01,09:36:31.000,456.58,75.0,456.0,457.15,225.0
2025-10-01,09:36:32.000,456.58,75.0,456.0,457.15,225.0
2025-10-01,09:36:33.000,456.95,225.0,456.4,457.5,300.0
2025-10-01,09:36:34.000,456.95,225.0,456.4,457.5,300.0
2025-10-01,09:36:35.000,457.65,75.0,457.3,458.0,75.0
2025-10-01,09:36:36.000,456.62,150.0,456.05,457.2,300.0
2025-10-01,09:36:37.000,456.62,150.0,456.05,457.2,300.0
2025-10-01,09:36:38.000,456.88,300.0,456.3,457.45,225.0
2025-10-01,09:36:39.000,456.88,300.0,456.3,457.45,225.0
2025-10-01,09:36:40.000,456.88,75.0,456.3,457.45,225.0
2025-10-01,09:36:41.000,457.7,150.0,457.05,458.35,150.0
2025-10-01,09:36:42.000,457.7,150.0,457.05,458.35,150.0
2025-10-01,09:36:43.000,457.82,225.0,457.2,458.45,150.0
2025-10-01,09:36:44.000,458.48,225.0,457.85,459.1,225.0
2025-10-01,09:36:45.000,458.48,225.0,457.85,459.1,225.0
2025-10-01,09:36:46.000,458.3,150.0,458.0,458.6,75.0
2025-10-01,09:36:47.000,458.3,150.0,458.0,458.6,75.0
2025-10-01,09:36:48.000,457.42,75.0,456.9,457.95,375.0
2025-10-01,09:36:49.000,458.1,75.0,457.55,458.65,225.0
2025-10-01,09:36:50.000,458.1,75.0,457.55,458.65,225.0
2025-10-01,09:36:51.000,457.9,75.0,457.35,458.45,225.0
2025-10-01,09:36:52.000,457.9,75.0,457.35,458.45,225.0
2025-10-01,09:36:53.000,457.48,150.0,456.95,458.0,225.0
2025-10-01,09:36:54.000,457.48,150.0,457.0,457.95,75.0
2025-10-01,09:36:55.000,457.48,150.0,457.0,457.95,75.0
2025-10-01,09:36:56.000,457.5,150.0,457.0,458.0,75.0
2025-10-01,09:36:57.000,457.5,150.0,457.0,458.0,75.0
2025-10-01,09:36:58.000,457.7,75.0,457.2,458.2,225.0
2025-10-01,09:36:59.000,457.68,225.0,457.1,458.25,375.0
2025-10-01,09:37:00.000,457.68,225.0,457.1,458.25,375.0
2025-10-01,09:37:01.000,456.9,225.0,456.3,457.5,300.0
2025-10-01,09:37:02.000,456.9,225.0,456.3,457.5,300.0
2025-10-01,09:37:03.000,456.6,75.0,456.1,457.1,75.0
2025-10-01,09:37:04.000,456.6,75.0,456.1,457.1,375.0
2025-10-01,09:37:05.000,456.6,75.0,456.1,457.1,375.0
2025-10-01,09:37:06.000,457.6,225.0,457.05,458.15,225.0
2025-10-01,09:37:07.000,457.6,225.0,457.05,458.15,225.0
2025-10-01,09:37:08.000,458.6,300.0,458.0,459.2,75.0
2025-10-01,09:37:09.000,458.42,150.0,457.85,459.0,150.0
2025-10-01,09:37:10.000,458.42,150.0,457.85,459.0,150.0
2025-10-01,09:37:11.000,458.1,300.0,457.55,458.65,75.0
2025-10-01,09:37:12.000,458.1,300.0,457.55,458.65,75.0
2025-10-01,09:37:13.000,457.72,75.0,457.15,458.3,300.0
2025-10-01,09:37:14.000,458.1,300.0,457.5,458.7,450.0
2025-10-01,09:37:15.000,458.1,300.0,457.5,458.7,450.0
2025-10-01,09:37:16.000,457.25,75.0,457.0,457.5,75.0
2025-10-01,09:37:17.000,457.25,75.0,457.0,457.5,75.0
2025-10-01,09:37:18.000,457.28,225.0,456.75,457.8,300.0
2025-10-01,09:37:19.000,457.25,75.0,456.7,457.8,75.0
2025-10-01,09:37:20.000,457.25,75.0,456.7,457.8,75.0
2025-10-01,09:37:21.000,457.38,225.0,456.8,457.95,300.0
2025-10-01,09:37:22.000,457.38,225.0,456.8,457.95,300.0
2025-10-01,09:37:23.000,457.48,75.0,456.95,458.0,75.0
2025-10-01,09:37:24.000,457.65,225.0,457.1,458.2,300.0
2025-10-01,09:37:25.000,457.65,225.0,457.1,458.2,300.0
2025-10-01,09:37:26.000,457.95,225.0,457.4,458.5,525.0
2025-10-01,09:37:27.000,457.95,225.0,457.4,458.5,525.0
2025-10-01,09:37:28.000,457.9,75.0,457.35,458.45,75.0
2025-10-01,09:37:29.000,458.17,75.0,457.65,458.7,375.0
2025-10-01,09:37:30.000,458.17,75.0,457.65,458.7,375.0
2025-10-01,09:37:31.000,458.42,75.0,458.0,458.85,75.0
2025-10-01,09:37:32.000,458.42,75.0,458.0,458.85,75.0
2025-10-01,09:37:33.000,458.2,75.0,458.0,458.4,450.0
2025-10-01,09:37:34.000,458.12,75.0,458.0,458.25,150.0
2025-10-01,09:37:35.000,458.12,75.0,458.0,458.25,150.0
2025-10-01,09:37:36.000,457.78,150.0,457.25,458.3,75.0
2025-10-01,09:37:37.000,457.72,75.0,457.25,458.2,150.0
2025-10-01,09:37:38.000,457.72,75.0,457.25,458.2,150.0
2025-10-01,09:37:39.000,457.72,75.0,457.25,458.2,300.0
2025-10-01,09:37:40.000,457.72,75.0,457.25,458.2,300.0
2025-10-01,09:37:41.000,457.58,75.0,457.25,457.9,300.0
2025-10-01,09:37:42.000,457.8,150.0,457.35,458.25,375.0
2025-10-01,09:37:43.000,457.8,150.0,457.35,458.25,375.0
2025-10-01,09:37:44.000,457.9,75.0,457.35,458.45,225.0
2025-10-01,09:37:45.000,457.9,75.0,457.35,458.45,225.0
2025-10-01,09:37:46.000,458.1,150.0,457.5,458.7,525.0
2025-10-01,09:37:47.000,457.98,75.0,457.5,458.45,375.0
2025-10-01,09:37:48.000,457.98,75.0,457.5,458.45,375.0
2025-10-01,09:37:49.000,458.38,75.0,457.8,458.95,225.0
2025-10-01,09:37:50.000,458.38,75.0,457.8,458.95,225.0
2025-10-01,09:37:51.000,458.42,150.0,457.9,458.95,225.0
2025-10-01,09:37:52.000,457.92,225.0,457.3,458.55,450.0
2025-10-01,09:37:53.000,457.92,225.0,457.3,458.55,450.0
2025-10-01,09:37:54.000,458.28,75.0,458.0,458.55,300.0
2025-10-01,09:37:55.000,458.28,75.0,458.0,458.55,300.0
2025-10-01,09:37:56.000,457.9,300.0,457.35,458.45,300.0
2025-10-01,09:37:57.000,456.92,375.0,456.35,457.5,375.0
2025-10-01,09:37:58.000,456.92,375.0,456.35,457.5,375.0
2025-10-01,09:37:59.000,457.17,150.0,456.65,457.7,225.0
2025-10-01,09:38:00.000,457.17,150.0,456.65,457.7,225.0
2025-10-01,09:38:01.000,456.7,150.0,456.15,457.25,225.0
2025-10-01,09:38:02.000,456.6,150.0,456.05,457.15,75.0
2025-10-01,09:38:03.000,456.6,150.0,456.05,457.15,75.0
2025-10-01,09:38:04.000,455.83,150.0,455.3,456.35,225.0
2025-10-01,09:38:05.000,455.83,150.0,455.3,456.35,225.0
2025-10-01,09:38:06.000,455.25,75.0,455.0,455.5,300.0
2025-10-01,09:38:07.000,455.35,75.0,455.0,455.7,300.0
2025-10-01,09:38:08.000,455.35,75.0,455.0,455.7,300.0
2025-10-01,09:38:09.000,456.02,150.0,455.55,456.5,225.0
2025-10-01,09:38:10.000,456.02,150.0,455.55,456.5,225.0
2025-10-01,09:38:11.000,455.72,150.0,455.2,456.25,375.0
2025-10-01,09:38:12.000,455.2,75.0,454.6,455.8,225.0
2025-10-01,09:38:13.000,455.2,75.0,454.6,455.8,225.0
2025-10-01,09:38:14.000,454.9,75.0,454.4,455.4,300.0
2025-10-01,09:38:15.000,454.9,75.0,454.4,455.4,300.0
2025-10-01,09:38:16.000,455.12,375.0,454.55,455.7,300.0
2025-10-01,09:38:17.000,455.15,225.0,454.6,455.7,375.0
2025-10-01,09:38:18.000,455.15,225.0,454.6,455.7,375.0
2025-10-01,09:38:19.000,456.45,150.0,455.95,456.95,225.0
2025-10-01,09:38:20.000,456.45,150.0,455.95,456.95,225.0
2025-10-01,09:38:21.000,456.55,150.0,456.1,457.0,150.0
2025-10-01,09:38:22.000,456.72,150.0,456.2,457.25,300.0
2025-10-01,09:38:23.000,456.72,150.0,456.2,457.25,300.0
2025-10-01,09:38:24.000,456.52,75.0,456.05,457.0,375.0
2025-10-01,09:38:25.000,454.95,75.0,454.4,455.5,375.0
2025-10-01,09:38:26.000,454.95,75.0,454.4,455.5,375.0
2025-10-01,09:38:27.000,453.62,300.0,453.0,454.25,525.0
2025-10-01,09:38:28.000,453.62,300.0,453.0,454.25,525.0
2025-10-01,09:38:29.000,453.75,225.0,453.2,454.3,300.0
2025-10-01,09:38:30.000,454.15,225.0,453.55,454.75,225.0
2025-10-01,09:38:31.000,454.15,225.0,453.55,454.75,225.0
2025-10-01,09:38:32.000,454.9,150.0,454.35,455.45,150.0
2025-10-01,09:38:33.000,454.9,150.0,454.35,455.45,150.0
2025-10-01,09:38:34.000,454.72,75.0,454.2,455.25,225.0
2025-10-01,09:38:35.000,454.72,75.0,454.2,455.25,225.0
2025-10-01,09:38:36.000,455.3,225.0,454.85,455.75,150.0
2025-10-01,09:38:37.000,455.5,150.0,455.0,456.0,225.0
2025-10-01,09:38:38.000,455.5,150.0,455.0,456.0,225.0
2025-10-01,09:38:39.000,455.88,450.0,455.3,456.45,300.0
2025-10-01,09:38:40.000,455.88,450.0,455.3,456.45,300.0
2025-10-01,09:38:41.000,455.78,375.0,455.25,456.3,75.0
2025-10-01,09:38:42.000,455.25,150.0,454.85,455.65,225.0
2025-10-01,09:38:43.000,455.25,150.0,454.85,455.65,225.0
2025-10-01,09:38:44.000,455.75,300.0,455.25,456.25,225.0
2025-10-01,09:38:45.000,455.6,225.0,455.05,456.15,300.0
2025-10-01,09:38:46.000,455.6,225.0,455.05,456.15,300.0
2025-10-01,09:38:47.000,456.38,150.0,456.0,456.75,375.0
2025-10-01,09:38:48.000,456.38,150.0,456.0,456.75,375.0
2025-10-01,09:38:49.000,456.17,75.0,455.65,456.7,225.0
2025-10-01,09:38:50.000,456.22,75.0,455.7,456.75,225.0
2025-10-01,09:38:51.000,456.22,75.0,455.7,456.75,225.0
2025-10-01,09:38:52.000,456.17,225.0,455.65,456.7,225.0
2025-10-01,09:38:53.000,456.17,225.0,455.65,456.7,225.0
2025-10-01,09:38:54.000,455.92,300.0,455.4,456.45,375.0
2025-10-01,09:38:55.000,455.12,300.0,454.55,455.7,375.0
2025-10-01,09:38:56.000,455.12,300.0,454.55,455.7,375.0
2025-10-01,09:38:57.000,454.75,225.0,454.5,455.0,300.0
2025-10-01,09:38:58.000,454.75,225.0,454.5,455.0,300.0
2025-10-01,09:38:59.000,454.65,75.0,454.3,455.0,150.0
2025-10-01,09:39:00.000,455.42,150.0,454.9,455.95,300.0
2025-10-01,09:39:01.000,455.42,150.0,454.9,455.95,300.0
2025-10-01,09:39:02.000,455.2,75.0,454.7,455.7,225.0
2025-10-01,09:39:03.000,455.2,75.0,454.7,455.7,225.0
2025-10-01,09:39:04.000,454.83,300.0,454.3,455.35,300.0
2025-10-01,09:39:05.000,455.25,150.0,454.75,455.75,225.0
2025-10-01,09:39:06.000,455.25,150.0,454.75,455.75,225.0
2025-10-01,09:39:07.000,456.02,225.0,455.45,456.6,375.0
2025-10-01,09:39:08.000,456.02,225.0,455.45,456.6,375.0
2025-10-01,09:39:09.000,455.58,300.0,455.0,456.15,75.0
2025-10-01,09:39:10.000,455.85,225.0,455.3,456.4,300.0
2025-10-01,09:39:11.000,455.85,225.0,455.3,456.4,300.0
2025-10-01,09:39:12.000,455.8,525.0,455.25,456.35,225.0
2025-10-01,09:39:13.000,455.8,525.0,455.25,456.35,225.0
2025-10-01,09:39:14.000,455.92,75.0,455.45,456.4,1425.0
2025-10-01,09:39:15.000,456.0,150.0,455.6,456.4,1425.0
2025-10-01,09:39:16.000,456.0,150.0,455.6,456.4,1425.0
2025-10-01,09:39:17.000,457.45,75.0,456.95,457.95,150.0
2025-10-01,09:39:18.000,457.45,75.0,456.95,457.95,150.0
2025-10-01,09:39:19.000,457.85,225.0,457.25,458.45,150.0
2025-10-01,09:39:20.000,457.08,300.0,456.55,457.6,150.0
2025-10-01,09:39:21.000,457.08,300.0,456.55,457.6,150.0
2025-10-01,09:39:22.000,457.67,225.0,457.15,458.2,225.0
2025-10-01,09:39:23.000,457.67,225.0,457.15,458.2,225.0
2025-10-01,09:39:24.000,457.4,75.0,456.9,457.9,225.0
2025-10-01,09:39:25.000,457.58,225.0,456.95,458.2,225.0
2025-10-01,09:39:26.000,457.58,225.0,456.95,458.2,225.0
2025-10-01,09:39:27.000,457.65,300.0,457.1,458.2,225.0
2025-10-01,09:39:28.000,457.65,300.0,457.1,458.2,225.0
2025-10-01,09:39:29.000,458.3,75.0,457.85,458.75,150.0
2025-10-01,09:39:30.000,460.35,300.0,459.45,461.25,75.0
2025-10-01,09:39:31.000,460.35,300.0,459.45,461.25,75.0
2025-10-01,09:39:32.000,459.67,225.0,459.4,459.95,75.0
2025-10-01,09:39:33.000,459.67,225.0,459.4,459.95,75.0
2025-10-01,09:39:34.000,460.55,225.0,460.4,460.7,75.0
2025-10-01,09:39:35.000,459.35,75.0,458.75,459.95,150.0
2025-10-01,09:39:36.000,459.35,75.0,458.75,459.95,150.0
2025-10-01,09:39:37.000,459.58,150.0,458.95,460.2,300.0
2025-10-01,09:39:38.000,459.58,150.0,458.95,460.2,300.0
2025-10-01,09:39:39.000,458.85,750.0,458.25,459.45,150.0
2025-10-01,09:39:40.000,459.48,375.0,458.8,460.15,225.0
2025-10-01,09:39:41.000,459.48,375.0,458.8,460.15,225.0
2025-10-01,09:39:42.000,459.78,375.0,459.15,460.4,300.0
2025-10-01,09:39:43.000,460.2,225.0,459.65,460.75,225.0
2025-10-01,09:39:44.000,460.2,225.0,459.65,460.75,225.0
2025-10-01,09:39:45.000,459.78,225.0,459.1,460.45,225.0
2025-10-01,09:39:46.000,459.78,225.0,459.1,460.45,225.0
2025-10-01,09:39:47.000,459.9,150.0,459.35,460.45,225.0
2025-10-01,09:39:48.000,459.82,225.0,459.2,460.45,300.0
2025-10-01,09:39:49.000,459.82,225.0,459.2,460.45,300.0
2025-10-01,09:39:50.000,459.9,150.0,459.35,460.45,225.0
2025-10-01,09:39:51.000,459.9,150.0,459.35,460.45,225.0
2025-10-01,09:39:52.000,460.32,225.0,459.65,461.0,525.0
2025-10-01,09:39:53.000,459.05,75.0,458.4,459.7,375.0
2025-10-01,09:39:54.000,459.05,75.0,458.4,459.7,375.0
2025-10-01,09:39:55.000,459.85,375.0,459.25,460.45,225.0
2025-10-01,09:39:56.000,459.85,375.0,459.25,460.45,225.0
2025-10-01,09:39:57.000,459.35,150.0,458.75,459.95,225.0
2025-10-01,09:39:58.000,458.88,300.0,458.3,459.45,225.0
2025-10-01,09:39:59.000,458.88,300.0,458.3,459.45,225.0
2025-10-01,09:40:00.000,458.98,375.0,458.4,459.55,225.0
2025-10-01,09:40:01.000,458.98,375.0,458.4,459.55,225.0
2025-10-01,09:40:02.000,459.38,150.0,458.8,459.95,150.0
2025-10-01,09:40:03.000,458.52,375.0,457.8,459.25,450.0
2025-10-01,09:40:04.000,458.52,375.0,457.8,459.25,450.0
2025-10-01,09:40:05.000,458.72,225.0,458.05,459.4,300.0
2025-10-01,09:40:06.000,458.72,225.0,458.05,459.4,300.0
2025-10-01,09:40:07.000,459.42,675.0,458.85,460.0,75.0
2025-10-01,09:40:08.000,458.88,225.0,458.3,459.45,225.0
2025-10-01,09:40:09.000,458.88,225.0,458.3,459.45,225.0
2025-10-01,09:40:10.000,459.45,75.0,459.0,459.9,300.0
2025-10-01,09:40:11.000,459.45,75.0,459.0,459.9,300.0
2025-10-01,09:40:12.000,459.35,75.0,459.0,459.7,225.0
2025-10-01,09:40:13.000,458.5,75.0,458.0,459.0,375.0
2025-10-01,09:40:14.000,458.5,75.0,458.0,459.0,375.0
2025-10-01,09:40:15.000,458.22,225.0,457.65,458.8,225.0
2025-10-01,09:40:16.000,458.22,225.0,457.65,458.8,225.0
2025-10-01,09:40:17.000,458.12,150.0,457.55,458.7,450.0
2025-10-01,09:40:18.000,457.98,225.0,457.4,458.55,300.0
2025-10-01,09:40:19.000,457.98,225.0,457.4,458.55,300.0
2025-10-01,09:40:20.000,457.9,375.0,457.35,458.45,225.0
2025-10-01,09:40:21.000,457.9,375.0,457.35,458.45,225.0
2025-10-01,09:40:22.000,458.25,75.0,457.65,458.85,225.0
2025-10-01,09:40:23.000,457.55,150.0,456.95,458.15,150.0
2025-10-01,09:40:24.000,457.55,150.0,456.95,458.15,150.0
2025-10-01,09:40:25.000,457.42,150.0,456.9,457.95,225.0
2025-10-01,09:40:26.000,457.42,150.0,456.9,457.95,225.0
2025-10-01,09:40:27.000,458.2,150.0,457.65,458.75,150.0
2025-10-01,09:40:28.000,457.45,75.0,456.9,458.0,525.0
2025-10-01,09:40:29.000,457.45,75.0,456.9,458.0,525.0
2025-10-01,09:40:30.000,457.0,150.0,456.5,457.5,225.0
2025-10-01,09:40:31.000,457.15,75.0,456.6,457.7,225.0
2025-10-01,09:40:32.000,457.15,75.0,456.6,457.7,225.0
2025-10-01,09:40:33.000,456.62,150.0,456.05,457.2,375.0
2025-10-01,09:40:34.000,456.62,150.0,456.05,457.2,375.0
2025-10-01,09:40:35.000,457.12,225.0,456.6,457.65,150.0
2025-10-01,09:40:36.000,457.17,150.0,456.65,457.7,225.0
2025-10-01,09:40:37.000,457.17,150.0,456.65,457.7,225.0
2025-10-01,09:40:38.000,456.68,150.0,456.05,457.3,450.0
2025-10-01,09:40:39.000,456.68,150.0,456.05,457.3,450.0
2025-10-01,09:40:40.000,456.45,75.0,455.95,456.95,300.0
2025-10-01,09:40:41.000,456.45,75.0,455.95,456.95,300.0
2025-10-01,09:40:42.000,456.18,150.0,455.6,456.75,600.0
2025-10-01,09:40:43.000,455.6,375.0,455.0,456.2,150.0
2025-10-01,09:40:44.000,455.6,375.0,455.0,456.2,150.0
2025-10-01,09:40:45.000,455.58,150.0,455.05,456.1,225.0
2025-10-01,09:40:46.000,455.58,150.0,455.05,456.1,225.0
2025-10-01,09:40:47.000,457.48,150.0,456.95,458.0,225.0
2025-10-01,09:40:48.000,458.52,150.0,458.05,459.0,150.0
2025-10-01,09:40:49.000,458.52,150.0,458.05,459.0,150.0
2025-10-01,09:40:50.000,458.58,75.0,458.05,459.1,150.0
2025-10-01,09:40:51.000,458.58,75.0,458.05,459.1,150.0
2025-10-01,09:40:52.000,458.25,450.0,457.75,458.75,225.0
2025-10-01,09:40:53.000,458.25,225.0,457.75,458.75,225.0
2025-10-01,09:40:54.000,458.25,225.0,457.75,458.75,225.0
2025-10-01,09:40:55.000,458.98,150.0,458.45,459.5,225.0
2025-10-01,09:40:56.000,458.98,150.0,458.45,459.5,225.0
2025-10-01,09:40:57.000,458.95,75.0,458.5,459.4,225.0
2025-10-01,09:40:58.000,458.52,225.0,458.05,459.0,225.0
2025-10-01,09:40:59.000,458.52,225.0,458.05,459.0,225.0
2025-10-01,09:41:00.000,458.67,150.0,458.15,459.2,225.0
2025-10-01,09:41:01.000,458.67,150.0,458.15,459.2,225.0
2025-10-01,09:41:02.000,459.52,225.0,459.05,460.0,225.0
2025-10-01,09:41:03.000,460.7,150.0,460.2,461.2,225.0
2025-10-01,09:41:04.000,460.7,150.0,460.2,461.2,225.0
2025-10-01,09:41:05.000,461.0,900.0,460.4,461.6,225.0
2025-10-01,09:41:06.000,461.0,900.0,460.4,461.6,225.0
2025-10-01,09:41:07.000,460.8,225.0,460.25,461.35,300.0
2025-10-01,09:41:08.000,460.08,150.0,459.55,460.6,225.0
2025-10-01,09:41:09.000,460.08,150.0,459.55,460.6,225.0
2025-10-01,09:41:10.000,460.52,75.0,460.0,461.05,225.0
2025-10-01,09:41:11.000,460.52,75.0,460.0,461.05,225.0
2025-10-01,09:41:12.000,461.48,150.0,460.95,462.0,300.0
2025-10-01,09:41:13.000,461.75,225.0,461.35,462.15,225.0
2025-10-01,09:41:14.000,461.75,225.0,461.35,462.15,225.0
2025-10-01,09:41:15.000,461.88,225.0,461.3,462.45,225.0
2025-10-01,09:41:16.000,461.88,225.0,461.3,462.45,225.0
2025-10-01,09:41:17.000,462.15,75.0,461.6,462.7,225.0
2025-10-01,09:41:18.000,461.9,150.0,461.35,462.45,375.0
2025-10-01,09:41:19.000,461.9,150.0,461.35,462.45,375.0
2025-10-01,09:41:20.000,461.82,225.0,461.25,462.4,225.0
2025-10-01,09:41:21.000,462.05,225.0,461.5,462.6,75.0
2025-10-01,09:41:22.000,462.05,225.0,461.5,462.6,75.0
2025-10-01,09:41:23.000,461.85,150.0,461.3,462.4,225.0
2025-10-01,09:41:24.000,461.85,150.0,461.3,462.4,225.0
2025-10-01,09:41:25.000,461.38,300.0,461.0,461.75,300.0
2025-10-01,09:41:26.000,461.38,300.0,461.0,461.75,225.0
2025-10-01,09:41:27.000,461.38,300.0,461.0,461.75,225.0
2025-10-01,09:41:28.000,460.9,150.0,460.35,461.45,225.0
2025-10-01,09:41:29.000,460.9,150.0,460.35,461.45,225.0
2025-10-01,09:41:30.000,460.65,225.0,460.1,461.2,225.0
2025-10-01,09:41:31.000,460.9,75.0,460.35,461.45,300.0
2025-10-01,09:41:32.000,460.9,75.0,460.35,461.45,300.0
2025-10-01,09:41:33.000,459.95,75.0,459.45,460.45,225.0
2025-10-01,09:41:34.000,459.95,75.0,459.45,460.45,225.0
2025-10-01,09:41:35.000,459.68,300.0,459.35,460.0,150.0
2025-10-01,09:41:36.000,459.88,75.0,459.75,460.0,150.0
2025-10-01,09:41:37.000,459.88,75.0,459.75,460.0,150.0
2025-10-01,09:41:38.000,460.22,225.0,459.7,460.75,375.0
2025-10-01,09:41:39.000,460.22,225.0,459.7,460.75,375.0
2025-10-01,09:41:40.000,460.55,375.0,459.9,461.2,225.0
2025-10-01,09:41:41.000,461.15,225.0,460.6,461.7,225.0
2025-10-01,09:41:42.000,461.15,225.0,460.6,461.7,225.0
2025-10-01,09:41:43.000,460.95,150.0,460.4,461.5,150.0
2025-10-01,09:41:44.000,460.95,150.0,460.4,461.5,150.0
2025-10-01,09:41:45.000,460.38,75.0,459.8,460.95,300.0
2025-10-01,09:41:46.000,460.65,150.0,460.1,461.2,225.0
2025-10-01,09:41:47.000,460.65,150.0,460.1,461.2,225.0
2025-10-01,09:41:48.000,460.42,225.0,459.9,460.95,225.0
2025-10-01,09:41:49.000,460.42,225.0,459.9,460.95,225.0
2025-10-01,09:41:50.000,460.3,225.0,459.65,460.95,450.0
2025-10-01,09:41:51.000,460.38,150.0,459.8,460.95,300.0
2025-10-01,09:41:52.000,460.38,150.0,459.8,460.95,300.0
2025-10-01,09:41:53.000,460.0,75.0,459.9,460.1,300.0
2025-10-01,09:41:54.000,460.0,75.0,459.9,460.1,300.0
2025-10-01,09:41:55.000,460.4,75.0,459.9,460.9,75.0
2025-10-01,09:41:56.000,459.9,300.0,459.35,460.45,150.0
2025-10-01,09:41:57.000,459.9,300.0,459.35,460.45,150.0
2025-10-01,09:41:58.000,460.4,225.0,459.8,461.0,150.0
2025-10-01,09:41:59.000,460.4,225.0,459.8,461.0,150.0
2025-10-01,09:42:00.000,460.98,150.0,460.4,461.55,150.0
2025-10-01,09:42:01.000,460.58,525.0,460.15,461.0,600.0
2025-10-01,09:42:02.000,460.58,525.0,460.15,461.0,600.0
2025-10-01,09:42:03.000,460.08,300.0,459.55,460.6,225.0
2025-10-01,09:42:04.000,460.08,300.0,459.55,460.6,225.0
2025-10-01,09:42:05.000,460.42,225.0,459.85,461.0,150.0
2025-10-01,09:42:06.000,460.92,300.0,460.35,461.5,300.0
2025-10-01,09:42:07.000,460.92,300.0,460.35,461.5,300.0
2025-10-01,09:42:08.000,460.95,225.0,460.4,461.5,225.0
2025-10-01,09:42:09.000,460.95,225.0,460.4,461.5,225.0
2025-10-01,09:42:10.000,460.9,225.0,460.3,461.5,375.0
2025-10-01,09:42:11.000,461.02,300.0,460.4,461.65,225.0
2025-10-01,09:42:12.000,461.02,300.0,460.4,461.65,225.0
2025-10-01,09:42:13.000,461.12,225.0,460.55,461.7,300.0
2025-10-01,09:42:14.000,461.38,300.0,460.8,461.95,225.0
2025-10-01,09:42:15.000,461.38,300.0,460.8,461.95,225.0
2025-10-01,09:42:16.000,460.88,375.0,460.25,461.5,300.0
2025-10-01,09:42:17.000,460.88,375.0,460.25,461.5,300.0
2025-10-01,09:42:18.000,461.1,150.0,460.5,461.7,375.0
2025-10-01,09:42:19.000,461.5,150.0,460.9,462.1,225.0
2025-10-01,09:42:20.000,461.5,150.0,460.9,462.1,225.0
2025-10-01,09:42:21.000,461.4,75.0,460.8,462.0,375.0
2025-10-01,09:42:22.000,461.4,75.0,460.8,462.0,375.0
2025-10-01,09:42:23.000,463.6,150.0,463.0,464.2,300.0
2025-10-01,09:42:24.000,463.82,75.0,463.2,464.45,375.0
2025-10-01,09:42:25.000,463.82,75.0,463.2,464.45,375.0
2025-10-01,09:42:26.000,464.02,150.0,463.55,464.5,75.0
2025-10-01,09:42:27.000,464.02,150.0,463.55,464.5,75.0
2025-10-01,09:42:28.000,464.15,225.0,463.8,464.5,75.0
2025-10-01,09:42:29.000,463.82,300.0,463.25,464.4,450.0
2025-10-01,09:42:30.000,463.82,300.0,463.25,464.4,450.0
2025-10-01,09:42:31.000,463.72,150.0,463.1,464.35,225.0
2025-10-01,09:42:32.000,463.72,150.0,463.1,464.35,225.0
2025-10-01,09:42:33.000,463.92,225.0,463.4,464.45,225.0
2025-10-01,09:42:34.000,464.02,225.0,463.55,464.5,75.0
2025-10-01,09:42:35.000,464.02,225.0,463.55,464.5,75.0
2025-10-01,09:42:36.000,464.02,525.0,463.55,464.5,75.0
2025-10-01,09:42:37.000,464.02,525.0,463.55,464.5,75.0
2025-10-01,09:42:38.000,463.85,150.0,463.25,464.45,300.0
2025-10-01,09:42:39.000,464.12,75.0,463.75,464.5,75.0
2025-10-01,09:42:40.000,464.12,75.0,463.75,464.5,75.0
2025-10-01,09:42:41.000,465.58,75.0,465.15,466.0,75.0
2025-10-01,09:42:42.000,465.58,75.0,465.15,466.0,75.0
2025-10-01,09:42:43.000,465.3,75.0,464.65,465.95,225.0
2025-10-01,09:42:44.000,464.32,225.0,463.7,464.95,225.0
2025-10-01,09:42:45.000,464.32,225.0,463.7,464.95,225.0
2025-10-01,09:42:46.000,464.78,150.0,464.15,465.4,225.0
2025-10-01,09:42:47.000,464.78,150.0,464.15,465.4,225.0
2025-10-01,09:42:48.000,465.38,375.0,464.75,466.0,225.0
2025-10-01,09:42:49.000,464.35,150.0,463.75,464.95,300.0
2025-10-01,09:42:50.000,464.35,150.0,463.75,464.95,300.0
2025-10-01,09:42:51.000,464.1,150.0,463.5,464.7,900.0
2025-10-01,09:42:52.000,464.1,150.0,463.5,464.7,900.0
2025-10-01,09:42:53.000,464.62,225.0,464.05,465.2,225.0
2025-10-01,09:42:54.000,464.52,150.0,464.05,465.0,75.0
2025-10-01,09:42:55.000,464.52,150.0,464.05,465.0,75.0
2025-10-01,09:42:56.000,463.62,150.0,463.05,464.2,225.0
2025-10-01,09:42:57.000,463.62,150.0,463.05,464.2,225.0
2025-10-01,09:42:58.000,464.12,225.0,463.55,464.7,375.0
2025-10-01,09:42:59.000,464.2,225.0,463.55,464.85,450.0
2025-10-01,09:43:00.000,464.2,225.0,463.55,464.85,450.0
2025-10-01,09:43:01.000,464.2,150.0,463.6,464.8,225.0
2025-10-01,09:43:02.000,464.2,150.0,463.6,464.8,225.0
2025-10-01,09:43:03.000,464.82,75.0,464.25,465.4,450.0
2025-10-01,09:43:04.000,463.7,75.0,463.15,464.25,75.0
2025-10-01,09:43:05.000,463.7,75.0,463.15,464.25,75.0
2025-10-01,09:43:06.000,463.65,75.0,463.1,464.2,225.0
2025-10-01,09:43:07.000,463.65,75.0,463.1,464.2,225.0
2025-10-01,09:43:08.000,463.85,375.0,463.3,464.4,150.0
2025-10-01,09:43:09.000,463.7,375.0,463.05,464.35,225.0
2025-10-01,09:43:10.000,463.7,375.0,463.05,464.35,225.0
2025-10-01,09:43:11.000,463.52,300.0,462.85,464.2,375.0
2025-10-01,09:43:12.000,463.52,300.0,462.85,464.2,375.0
2025-10-01,09:43:13.000,463.85,375.0,463.25,464.45,225.0
2025-10-01,09:43:14.000,463.42,150.0,462.9,463.95,300.0
2025-10-01,09:43:15.000,463.42,150.0,462.9,463.95,300.0
2025-10-01,09:43:16.000,463.78,75.0,463.2,464.35,300.0
2025-10-01,09:43:17.000,463.78,75.0,463.2,464.35,300.0
2025-10-01,09:43:18.000,464.4,150.0,463.85,464.95,225.0
2025-10-01,09:43:19.000,464.65,300.0,464.05,465.25,225.0
2025-10-01,09:43:20.000,464.65,300.0,464.05,465.25,225.0
2025-10-01,09:43:21.000,465.85,150.0,465.25,466.45,225.0
2025-10-01,09:43:22.000,465.85,150.0,465.25,466.45,225.0
2025-10-01,09:43:23.000,466.52,150.0,465.95,467.1,300.0
2025-10-01,09:43:24.000,465.9,300.0,465.3,466.5,75.0
2025-10-01,09:43:25.000,465.9,300.0,465.3,466.5,75.0
2025-10-01,09:43:26.000,466.28,75.0,465.6,466.95,450.0
2025-10-01,09:43:27.000,466.28,75.0,465.6,466.95,450.0
2025-10-01,09:43:28.000,466.28,150.0,465.65,466.9,225.0
2025-10-01,09:43:29.000,465.6,225.0,465.05,466.15,225.0
2025-10-01,09:43:30.000,465.6,225.0,465.05,466.15,225.0
2025-10-01,09:43:31.000,464.42,225.0,463.75,465.1,225.0
2025-10-01,09:43:32.000,464.42,225.0,463.75,465.1,225.0
2025-10-01,09:43:33.000,463.95,225.0,463.3,464.6,225.0
2025-10-01,09:43:34.000,464.58,150.0,464.05,465.1,225.0
2025-10-01,09:43:35.000,464.58,150.0,464.05,465.1,225.0
2025-10-01,09:43:36.000,464.58,75.0,464.05,465.1,225.0
2025-10-01,09:43:37.000,464.58,75.0,464.05,465.1,225.0
2025-10-01,09:43:38.000,463.62,225.0,463.25,464.0,75.0
2025-10-01,09:43:39.000,463.88,225.0,463.25,464.5,450.0
2025-10-01,09:43:40.000,463.88,225.0,463.25,464.5,450.0
2025-10-01,09:43:41.000,463.58,75.0,462.95,464.2,225.0
2025-10-01,09:43:42.000,463.58,75.0,462.95,464.2,225.0
2025-10-01,09:43:43.000,463.28,150.0,462.75,463.8,375.0
2025-10-01,09:43:44.000,464.65,150.0,464.05,465.25,150.0
2025-10-01,09:43:45.000,464.65,150.0,464.05,465.25,150.0
2025-10-01,09:43:46.000,464.9,150.0,464.3,465.5,225.0
2025-10-01,09:43:47.000,464.9,150.0,464.3,465.5,225.0
2025-10-01,09:43:48.000,466.38,150.0,465.8,466.95,375.0
2025-10-01,09:43:49.000,466.38,150.0,465.8,466.95,225.0
2025-10-01,09:43:50.000,466.38,150.0,465.8,466.95,225.0
2025-10-01,09:43:51.000,465.65,150.0,465.35,465.95,75.0
2025-10-01,09:43:52.000,465.65,150.0,465.35,465.95,75.0
2025-10-01,09:43:53.000,465.4,75.0,464.9,465.9,225.0
2025-10-01,09:43:54.000,465.55,75.0,465.15,465.95,75.0
2025-10-01,09:43:55.000,465.55,75.0,465.15,465.95,75.0
2025-10-01,09:43:56.000,467.45,150.0,466.8,468.1,225.0
2025-10-01,09:43:57.000,467.45,150.0,466.8,468.1,225.0
2025-10-01,09:43:58.000,468.12,225.0,467.55,468.7,150.0
2025-10-01,09:43:59.000,469.48,225.0,469.0,469.95,150.0
2025-10-01,09:44:00.000,469.48,225.0,469.0,469.95,150.0
2025-10-01,09:44:01.000,468.88,225.0,468.3,469.45,225.0
2025-10-01,09:44:02.000,468.88,225.0,468.3,469.45,225.0
2025-10-01,09:44:03.000,468.92,75.0,468.4,469.45,375.0
2025-10-01,09:44:04.000,469.2,150.0,468.65,469.75,300.0
2025-10-01,09:44:05.000,469.2,150.0,468.65,469.75,300.0
2025-10-01,09:44:06.000,470.48,225.0,469.95,471.0,525.0
2025-10-01,09:44:07.000,470.48,225.0,469.95,471.0,525.0
2025-10-01,09:44:08.000,469.72,225.0,469.1,470.35,75.0
2025-10-01,09:44:09.000,470.38,75.0,469.8,470.95,375.0
2025-10-01,09:44:10.000,470.38,75.0,469.8,470.95,375.0
2025-10-01,09:44:11.000,470.1,300.0,469.5,470.7,225.0
2025-10-01,09:44:12.000,470.1,300.0,469.5,470.7,225.0
2025-10-01,09:44:13.000,470.52,150.0,469.95,471.1,300.0
2025-10-01,09:44:14.000,470.7,75.0,470.1,471.3,375.0
2025-10-01,09:44:15.000,470.7,75.0,470.1,471.3,375.0
2025-10-01,09:44:16.000,470.9,375.0,470.3,471.5,450.0
2025-10-01,09:44:17.000,470.9,375.0,470.3,471.5,450.0
2025-10-01,09:44:18.000,471.8,75.0,471.3,472.3,150.0
2025-10-01,09:44:19.000,471.88,300.0,471.3,472.45,225.0
2025-10-01,09:44:20.000,471.88,300.0,471.3,472.45,225.0
2025-10-01,09:44:21.000,472.4,150.0,471.8,473.0,150.0
2025-10-01,09:44:22.000,472.4,150.0,471.8,473.0,150.0
2025-10-01,09:44:23.000,472.28,150.0,471.65,472.9,225.0
2025-10-01,09:44:24.000,472.12,375.0,471.5,472.75,375.0
2025-10-01,09:44:25.000,472.12,375.0,471.5,472.75,375.0
2025-10-01,09:44:26.000,473.4,75.0,472.65,474.15,300.0
2025-10-01,09:44:27.000,473.4,75.0,472.65,474.15,300.0
2025-10-01,09:44:28.000,474.18,75.0,473.85,474.5,75.0
2025-10-01,09:44:29.000,473.85,225.0,473.25,474.45,450.0
2025-10-01,09:44:30.000,473.85,225.0,473.25,474.45,450.0
2025-10-01,09:44:31.000,474.2,225.0,473.75,474.65,225.0
2025-10-01,09:44:32.000,474.2,225.0,473.75,474.65,225.0
2025-10-01,09:44:33.000,473.48,225.0,472.8,474.15,225.0
2025-10-01,09:44:34.000,472.82,225.0,472.2,473.45,225.0
2025-10-01,09:44:35.000,472.82,225.0,472.2,473.45,225.0
2025-10-01,09:44:36.000,473.48,225.0,472.8,474.15,75.0
2025-10-01,09:44:37.000,473.48,225.0,472.8,474.15,75.0
2025-10-01,09:44:38.000,472.55,525.0,471.9,473.2,300.0
2025-10-01,09:44:39.000,471.83,75.0,471.3,472.35,375.0
2025-10-01,09:44:40.000,471.83,75.0,471.3,472.35,375.0
2025-10-01,09:44:41.000,471.8,75.0,471.3,472.3,300.0
2025-10-01,09:44:42.000,471.8,75.0,471.3,472.3,300.0
2025-10-01,09:44:43.000,471.85,150.0,471.25,472.45,375.0
2025-10-01,09:44:44.000,471.5,225.0,470.85,472.15,225.0
2025-10-01,09:44:45.000,471.5,225.0,470.85,472.15,225.0
2025-10-01,09:44:46.000,472.6,75.0,472.05,473.15,225.0
2025-10-01,09:44:47.000,472.6,75.0,472.05,473.15,225.0
2025-10-01,09:44:48.000,473.88,75.0,473.3,474.45,375.0
2025-10-01,09:44:49.000,473.38,75.0,472.8,473.95,225.0
2025-10-01,09:44:50.000,473.38,75.0,472.8,473.95,225.0
2025-10-01,09:44:51.000,472.83,150.0,472.1,473.55,75.0
2025-10-01,09:44:52.000,472.83,150.0,472.1,473.55,75.0
2025-10-01,09:44:53.000,472.6,150.0,472.0,473.2,225.0
2025-10-01,09:44:54.000,472.42,225.0,471.8,473.05,375.0
2025-10-01,09:44:55.000,472.42,225.0,471.8,473.05,375.0
2025-10-01,09:44:56.000,472.2,375.0,471.6,472.8,375.0
2025-10-01,09:44:57.000,472.2,375.0,471.6,472.8,375.0
2025-10-01,09:44:58.000,472.18,225.0,471.55,472.8,375.0
2025-10-01,09:44:59.000,472.02,225.0,471.45,472.6,150.0
2025-10-01,09:45:00.000,472.02,225.0,471.45,472.6,150.0
2025-10-01,09:45:01.000,471.28,225.0,470.8,471.75,225.0
2025-10-01,09:45:02.000,471.28,225.0,470.8,471.75,225.0
2025-10-01,09:45:03.000,469.52,75.0,468.8,470.25,375.0
2025-10-01,09:45:04.000,470.82,150.0,470.25,471.4,75.0
2025-10-01,09:45:05.000,470.82,150.0,470.25,471.4,75.0
2025-10-01,09:45:06.000,470.85,225.0,470.3,471.4,225.0
2025-10-01,09:45:07.000,470.85,225.0,470.3,471.4,225.0
2025-10-01,09:45:08.000,470.92,300.0,470.4,471.45,75.0
2025-10-01,09:45:09.000,470.82,375.0,470.25,471.4,300.0
2025-10-01,09:45:10.000,470.82,375.0,470.25,471.4,300.0
2025-10-01,09:45:11.000,471.05,225.0,470.6,471.5,75.0
