Date,Time,MID_PRICE,BID_SIZE,BID_PRICE,ASK_PRICE,ASK_SIZE
2025-10-01,09:15:00.000,24748.15,75.0,24746.4,24749.9,150.0
2025-10-01,09:15:01.000,24749.65,75.0,24745.3,24754.0,1800.0
2025-10-01,09:15:02.000,24749.65,75.0,24745.3,24754.0,1800.0
2025-10-01,09:15:03.000,24750.9,75.0,24747.8,24754.0,525.0
2025-10-01,09:15:04.000,24752.6,375.0,24750.1,24755.1,75.0
2025-10-01,09:15:05.000,24755.25,75.0,24752.4,24758.1,375.0
2025-10-01,09:15:06.000,24755.35,75.0,24754.1,24756.6,75.0
2025-10-01,09:15:07.000,24755.35,75.0,24754.1,24756.6,75.0
2025-10-01,09:15:08.000,24756.6,75.0,24754.3,24758.9,300.0
2025-10-01,09:15:09.000,24758.15,75.0,24756.0,24760.3,75.0
2025-10-01,09:15:10.000,24762.8,150.0,24760.6,24765.0,150.0
2025-10-01,09:15:11.000,24762.8,150.0,24760.6,24765.0,150.0
2025-10-01,09:15:12.000,24760.9,75.0,24760.5,24761.3,75.0
2025-10-01,09:15:13.000,24764.5,75.0,24762.2,24766.8,150.0
2025-10-01,09:15:14.000,24765.95,375.0,24762.9,24769.0,1875.0
2025-10-01,09:15:15.000,24763.8,75.0,24762.9,24764.7,150.0
2025-10-01,09:15:16.000,24765.95,75.0,24762.9,24769.0,1650.0
2025-10-01,09:15:17.000,24765.95,75.0,24762.9,24769.0,1650.0
2025-10-01,09:15:18.000,24764.45,75.0,24763.0,24765.9,75.0
2025-10-01,09:15:19.000,24767.4,150.0,24765.8,24769.0,1350.0
2025-10-01,09:15:20.000,24766.1,75.0,24765.8,24766.4,75.0
2025-10-01,09:15:21.000,24766.1,75.0,24765.8,24766.4,75.0
2025-10-01,09:15:22.000,24766.1,75.0,24765.8,24766.4,75.0
2025-10-01,09:15:23.000,24763.45,150.0,24760.7,24766.2,150.0
2025-10-01,09:15:24.000,24761.35,75.0,24760.7,24762.0,300.0
2025-10-01,09:15:25.000,24761.35,75.0,24760.7,24762.0,300.0
2025-10-01,09:15:26.000,24763.25,75.0,24760.7,24765.8,150.0
2025-10-01,09:15:27.000,24762.25,300.0,24762.0,24762.5,300.0
2025-10-01,09:15:28.000,24760.1,300.0,24759.0,24761.2,375.0
2025-10-01,09:15:29.000,24760.1,300.0,24759.0,24761.2,375.0
2025-10-01,09:15:30.000,24759.7,150.0,24759.0,24760.4,375.0
2025-10-01,09:15:31.000,24760.15,150.0,24760.1,24760.2,375.0
2025-10-01,09:15:32.000,24760.45,75.0,24760.1,24760.8,450.0
2025-10-01,09:15:33.000,24760.45,75.0,24760.1,24760.8,450.0
2025-10-01,09:15:34.000,24761.35,150.0,24760.1,24762.6,75.0
2025-10-01,09:15:35.000,24762.15,150.0,24760.5,24763.8,300.0
2025-10-01,09:15:36.000,24763.0,150.0,24761.0,24765.0,450.0
2025-10-01,09:15:37.000,24763.0,150.0,24761.0,24765.0,450.0
2025-10-01,09:15:38.000,24761.5,75.0,24761.0,24762.0,75.0
2025-10-01,09:15:39.000,24761.9,375.0,24761.1,24762.7,75.0
2025-10-01,09:15:40.000,24761.9,375.0,24761.1,24762.7,75.0
2025-10-01,09:15:41.000,24762.9,150.0,24761.9,24763.9,75.0
2025-10-01,09:15:42.000,24763.15,75.0,24762.8,24763.5,300.0
2025-10-01,09:15:43.000,24762.75,75.0,24762.7,24762.8,75.0
2025-10-01,09:15:44.000,24762.75,75.0,24762.7,24762.8,75.0
2025-10-01,09:15:45.000,24761.1,450.0,24760.8,24761.4,525.0
2025-10-01,09:15:46.000,24761.6,75.0,24761.1,24762.1,75.0
2025-10-01,09:15:47.000,24761.8,75.0,24761.1,24762.5,75.0
2025-10-01,09:15:48.000,24761.8,75.0,24761.1,24762.5,75.0
2025-10-01,09:15:49.000,24761.3,75.0,24761.2,24761.4,150.0
2025-10-01,09:15:50.000,24760.1,75.0,24760.0,24760.2,75.0
2025-10-01,09:15:51.000,24760.25,1800.0,24760.1,24760.4,75.0
2025-10-01,09:15:52.000,24760.25,1800.0,24760.1,24760.4,75.0
2025-10-01,09:15:53.000,24757.95,150.0,24755.9,24760.0,600.0
2025-10-01,09:15:54.000,24760.3,150.0,24760.2,24760.4,75.0
2025-10-01,09:15:55.000,24756.65,75.0,24756.0,24757.3,225.0
2025-10-01,09:15:56.000,24756.65,75.0,24756.0,24757.3,225.0
2025-10-01,09:15:57.000,24756.3,900.0,24755.0,24757.6,300.0
2025-10-01,09:15:58.000,24756.0,975.0,24755.0,24757.0,450.0
2025-10-01,09:15:59.000,24756.55,150.0,24756.2,24756.9,225.0
2025-10-01,09:16:00.000,24756.55,150.0,24756.2,24756.9,225.0
2025-10-01,09:16:01.000,24755.05,150.0,24755.0,24755.1,375.0
2025-10-01,09:16:02.000,24753.5,75.0,24752.0,24755.0,150.0
2025-10-01,09:16:03.000,24753.5,75.0,24752.0,24755.0,525.0
2025-10-01,09:16:04.000,24753.05,300.0,24751.2,24754.9,75.0
2025-10-01,09:16:05.000,24753.05,300.0,24751.2,24754.9,75.0
2025-10-01,09:16:06.000,24756.65,75.0,24755.8,24757.5,225.0
2025-10-01,09:16:07.000,24756.1,225.0,24754.2,24758.0,150.0
2025-10-01,09:16:08.000,24757.85,450.0,24754.8,24760.9,75.0
2025-10-01,09:16:09.000,24757.85,450.0,24754.8,24760.9,75.0
2025-10-01,09:16:10.000,24759.4,75.0,24757.9,24760.9,75.0
2025-10-01,09:16:11.000,24755.15,75.0,24754.4,24755.9,1650.0
2025-10-01,09:16:12.000,24755.15,75.0,24754.4,24755.9,1650.0
2025-10-01,09:16:13.000,24753.7,75.0,24752.9,24754.5,1875.0
2025-10-01,09:16:14.000,24753.4,150.0,24753.0,24753.8,1575.0
2025-10-01,09:16:15.000,24753.5,375.0,24753.2,24753.8,150.0
2025-10-01,09:16:16.000,24753.5,375.0,24753.2,24753.8,150.0
2025-10-01,09:16:17.000,24751.95,150.0,24751.1,24752.8,225.0
2025-10-01,09:16:18.000,24751.95,75.0,24751.1,24752.8,75.0
2025-10-01,09:16:19.000,24752.3,450.0,24750.1,24754.5,1050.0
2025-10-01,09:16:20.000,24752.7,600.0,24752.5,24752.9,75.0
2025-10-01,09:16:21.000,24752.7,600.0,24752.5,24752.9,75.0
2025-10-01,09:16:22.000,24753.5,75.0,24752.5,24754.5,1050.0
2025-10-01,09:16:23.000,24753.55,150.0,24752.6,24754.5,975.0
2025-10-01,09:16:24.000,24753.25,75.0,24752.1,24754.4,150.0
2025-10-01,09:16:25.000,24752.8,75.0,24751.1,24754.5,600.0
2025-10-01,09:16:26.000,24752.8,75.0,24751.1,24754.5,600.0
2025-10-01,09:16:27.000,24752.7,75.0,24751.0,24754.4,75.0
2025-10-01,09:16:28.000,24753.4,450.0,24752.6,24754.2,150.0
2025-10-01,09:16:29.000,24752.05,300.0,24751.5,24752.6,150.0
2025-10-01,09:16:30.000,24751.6,75.0,24750.5,24752.7,375.0
2025-10-01,09:16:31.000,24751.6,150.0,24750.5,24752.7,150.0
2025-10-01,09:16:32.000,24751.6,150.0,24750.5,24752.7,150.0
2025-10-01,09:16:33.000,24751.65,150.0,24751.2,24752.1,75.0
2025-10-01,09:16:34.000,24752.0,75.0,24751.2,24752.8,75.0
2025-10-01,09:16:35.000,24752.15,150.0,24750.1,24754.2,300.0
2025-10-01,09:16:36.000,24752.15,150.0,24750.1,24754.2,300.0
2025-10-01,09:16:37.000,24751.4,150.0,24750.1,24752.7,375.0
2025-10-01,09:16:38.000,24751.05,2775.0,24750.0,24752.1,75.0
2025-10-01,09:16:39.000,24750.55,2475.0,24750.0,24751.1,225.0
2025-10-01,09:16:40.000,24750.55,2475.0,24750.0,24751.1,225.0
2025-10-01,09:16:41.000,24750.25,750.0,24750.0,24750.5,225.0
2025-10-01,09:16:42.000,24745.9,75.0,24744.0,24747.8,75.0
2025-10-01,09:16:43.000,24745.6,75.0,24743.2,24748.0,300.0
2025-10-01,09:16:44.000,24745.6,75.0,24743.2,24748.0,300.0
2025-10-01,09:16:45.000,24746.4,75.0,24744.7,24748.1,150.0
2025-10-01,09:16:46.000,24747.35,225.0,24746.6,24748.1,300.0
2025-10-01,09:16:47.000,24744.4,225.0,24743.8,24745.0,1350.0
2025-10-01,09:16:48.000,24744.4,225.0,24743.8,24745.0,1350.0
2025-10-01,09:16:49.000,24747.6,375.0,24745.2,24750.0,1200.0
2025-10-01,09:16:50.000,24748.7,150.0,24748.4,24749.0,300.0
2025-10-01,09:16:51.000,24748.1,150.0,24747.2,24749.0,225.0
2025-10-01,09:16:52.000,24748.1,150.0,24747.2,24749.0,225.0
2025-10-01,09:16:53.000,24747.25,150.0,24745.5,24749.0,225.0
2025-10-01,09:16:54.000,24748.0,450.0,24747.0,24749.0,225.0
2025-10-01,09:16:55.000,24746.6,750.0,24745.7,24747.5,75.0
2025-10-01,09:16:56.000,24746.6,750.0,24745.7,24747.5,75.0
2025-10-01,09:16:57.000,24746.85,450.0,24745.7,24748.0,600.0
2025-10-01,09:16:58.000,24746.8,150.0,24745.6,24748.0,300.0
2025-10-01,09:16:59.000,24746.5,2700.0,24745.0,24748.0,75.0
2025-10-01,09:17:00.000,24745.95,975.0,24743.8,24748.1,225.0
2025-10-01,09:17:01.000,24745.95,975.0,24743.8,24748.1,225.0
2025-10-01,09:17:02.000,24747.5,75.0,24746.0,24749.0,300.0
2025-10-01,09:17:03.000,24745.95,150.0,24745.9,24746.0,525.0
2025-10-01,09:17:04.000,24746.4,75.0,24746.0,24746.8,450.0
2025-10-01,09:17:05.000,24746.4,75.0,24746.0,24746.8,450.0
2025-10-01,09:17:06.000,24745.35,450.0,24745.0,24745.7,375.0
2025-10-01,09:17:07.000,24745.35,450.0,24745.0,24745.7,375.0
2025-10-01,09:17:08.000,24745.35,450.0,24745.0,24745.7,300.0
2025-10-01,09:17:09.000,24745.35,450.0,24745.0,24745.7,300.0
2025-10-01,09:17:10.000,24745.4,450.0,24745.0,24745.8,525.0
2025-10-01,09:17:11.000,24746.9,75.0,24745.1,24748.7,150.0
2025-10-01,09:17:12.000,24747.3,675.0,24745.8,24748.8,225.0
2025-10-01,09:17:13.000,24747.3,675.0,24745.8,24748.8,225.0
2025-10-01,09:17:14.000,24747.3,75.0,24745.8,24748.8,300.0
2025-10-01,09:17:15.000,24746.9,675.0,24745.8,24748.0,225.0
2025-10-01,09:17:16.000,24746.9,675.0,24745.8,24748.0,225.0
2025-10-01,09:17:17.000,24746.9,675.0,24745.8,24748.0,225.0
2025-10-01,09:17:18.000,24750.65,375.0,24747.5,24753.8,75.0
2025-10-01,09:17:19.000,24751.8,75.0,24749.1,24754.5,300.0
2025-10-01,09:17:20.000,24751.5,525.0,24748.5,24754.5,75.0
2025-10-01,09:17:21.000,24751.5,525.0,24748.5,24754.5,75.0
2025-10-01,09:17:22.000,24752.55,75.0,24750.1,24755.0,75.0
2025-10-01,09:17:23.000,24752.85,750.0,24750.1,24755.6,75.0
2025-10-01,09:17:24.000,24754.85,150.0,24754.1,24755.6,75.0
2025-10-01,09:17:25.000,24754.85,150.0,24754.1,24755.6,75.0
2025-10-01,09:17:26.000,24755.85,150.0,24755.7,24756.0,75.0
2025-10-01,09:17:27.000,24758.0,150.0,24756.5,24759.5,300.0
2025-10-01,09:17:28.000,24758.0,150.0,24756.5,24759.5,300.0
2025-10-01,09:17:29.000,24757.2,150.0,24754.6,24759.8,225.0
2025-10-01,09:17:30.000,24757.55,150.0,24755.1,24760.0,225.0
2025-10-01,09:17:31.000,24758.0,750.0,24756.0,24760.0,150.0
2025-10-01,09:17:32.000,24758.0,750.0,24756.0,24760.0,150.0
2025-10-01,09:17:33.000,24758.0,375.0,24756.0,24760.0,75.0
2025-10-01,09:17:34.000,24759.85,75.0,24759.7,24760.0,75.0
2025-10-01,09:17:35.000,24759.95,75.0,24759.9,24760.0,75.0
2025-10-01,09:17:36.000,24759.95,75.0,24759.9,24760.0,75.0
2025-10-01,09:17:37.000,24760.25,75.0,24760.0,24760.5,225.0
2025-10-01,09:17:38.000,24760.8,375.0,24760.6,24761.0,150.0
2025-10-01,09:17:39.000,24761.45,225.0,24759.9,24763.0,150.0
2025-10-01,09:17:40.000,24761.45,225.0,24759.9,24763.0,150.0
2025-10-01,09:17:41.000,24761.6,150.0,24760.2,24763.0,150.0
2025-10-01,09:17:42.000,24762.1,750.0,24760.3,24763.9,75.0
2025-10-01,09:17:43.000,24762.7,375.0,24760.3,24765.1,75.0
2025-10-01,09:17:44.000,24762.7,375.0,24760.3,24765.1,75.0
2025-10-01,09:17:45.000,24762.4,150.0,24760.3,24764.5,225.0
2025-10-01,09:17:46.000,24761.45,750.0,24760.2,24762.7,75.0
2025-10-01,09:17:47.000,24761.0,75.0,24760.1,24761.9,525.0
2025-10-01,09:17:48.000,24761.0,75.0,24760.1,24761.9,525.0
2025-10-01,09:17:49.000,24760.1,150.0,24759.9,24760.3,75.0
2025-10-01,09:17:50.000,24760.05,75.0,24760.0,24760.1,225.0
2025-10-01,09:17:51.000,24759.0,75.0,24758.4,24759.6,375.0
2025-10-01,09:17:52.000,24759.0,75.0,24758.4,24759.6,375.0
2025-10-01,09:17:53.000,24760.35,75.0,24758.4,24762.3,150.0
2025-10-01,09:17:54.000,24760.1,675.0,24757.1,24763.1,225.0
2025-10-01,09:17:55.000,24761.15,675.0,24757.9,24764.4,300.0
2025-10-01,09:17:56.000,24761.25,225.0,24758.1,24764.4,75.0
2025-10-01,09:17:57.000,24761.25,225.0,24758.1,24764.4,75.0
2025-10-01,09:17:58.000,24762.6,675.0,24760.7,24764.5,75.0
2025-10-01,09:17:59.000,24763.35,150.0,24762.2,24764.5,75.0
2025-10-01,09:18:00.000,24763.35,150.0,24762.2,24764.5,75.0
2025-10-01,09:18:01.000,24764.1,225.0,24763.2,24765.0,1650.0
2025-10-01,09:18:02.000,24764.0,150.0,24762.0,24766.0,150.0
2025-10-01,09:18:03.000,24761.5,150.0,24760.7,24762.3,75.0
2025-10-01,09:18:04.000,24761.5,150.0,24760.7,24762.3,75.0
2025-10-01,09:18:05.000,24764.4,75.0,24764.0,24764.8,525.0
2025-10-01,09:18:06.000,24765.2,75.0,24764.6,24765.8,150.0
2025-10-01,09:18:07.000,24762.3,150.0,24760.1,24764.5,300.0
2025-10-01,09:18:08.000,24762.3,150.0,24760.1,24764.5,300.0
2025-10-01,09:18:09.000,24762.5,525.0,24762.0,24763.0,150.0
2025-10-01,09:18:10.000,24762.5,525.0,24762.0,24763.0,75.0
2025-10-01,09:18:11.000,24761.55,75.0,24760.1,24763.0,75.0
2025-10-01,09:18:12.000,24761.55,75.0,24760.1,24763.0,75.0
2025-10-01,09:18:13.000,24763.8,150.0,24763.0,24764.6,750.0
2025-10-01,09:18:14.000,24764.7,75.0,24764.6,24764.8,75.0
2025-10-01,09:18:15.000,24764.65,75.0,24764.6,24764.7,75.0
2025-10-01,09:18:16.000,24764.65,75.0,24764.6,24764.7,75.0
2025-10-01,09:18:17.000,24764.9,150.0,24764.8,24765.0,525.0
2025-10-01,09:18:18.000,24764.05,150.0,24763.1,24765.0,225.0
2025-10-01,09:18:19.000,24764.9,150.0,24764.8,24765.0,225.0
2025-10-01,09:18:20.000,24764.9,150.0,24764.8,24765.0,225.0
2025-10-01,09:18:21.000,24762.5,150.0,24760.1,24764.9,75.0
2025-10-01,09:18:22.000,24763.75,150.0,24763.0,24764.5,75.0
2025-10-01,09:18:23.000,24764.3,75.0,24764.1,24764.5,75.0
2025-10-01,09:18:24.000,24764.3,75.0,24764.1,24764.5,75.0
2025-10-01,09:18:25.000,24764.3,75.0,24764.1,24764.5,225.0
2025-10-01,09:18:26.000,24761.65,75.0,24761.3,24762.0,150.0
2025-10-01,09:18:27.000,24761.5,75.0,24761.0,24762.0,75.0
2025-10-01,09:18:28.000,24761.5,75.0,24761.0,24762.0,75.0
2025-10-01,09:18:29.000,24762.5,75.0,24762.0,24763.0,150.0
2025-10-01,09:18:30.000,24760.65,675.0,24760.0,24761.3,75.0
2025-10-01,09:18:31.000,24761.35,150.0,24760.0,24762.7,225.0
2025-10-01,09:18:32.000,24759.2,75.0,24758.0,24760.4,75.0
2025-10-01,09:18:33.000,24759.2,75.0,24758.0,24760.4,75.0
2025-10-01,09:18:34.000,24759.25,75.0,24758.0,24760.5,225.0
2025-10-01,09:18:35.000,24759.7,75.0,24757.0,24762.4,75.0
2025-10-01,09:18:36.000,24761.7,75.0,24760.5,24762.9,300.0
2025-10-01,09:18:37.000,24761.7,75.0,24760.5,24762.9,300.0
2025-10-01,09:18:38.000,24758.5,675.0,24757.0,24760.0,75.0
2025-10-01,09:18:39.000,24759.5,75.0,24757.0,24762.0,225.0
2025-10-01,09:18:40.000,24759.65,150.0,24757.3,24762.0,225.0
2025-10-01,09:18:41.000,24759.65,150.0,24757.3,24762.0,225.0
2025-10-01,09:18:42.000,24762.65,75.0,24762.4,24762.9,300.0
2025-10-01,09:18:43.000,24761.45,75.0,24760.0,24762.9,150.0
2025-10-01,09:18:44.000,24761.45,75.0,24760.0,24762.9,150.0
2025-10-01,09:18:45.000,24762.45,75.0,24762.0,24762.9,75.0
2025-10-01,09:18:46.000,24762.45,75.0,24762.0,24762.9,75.0
2025-10-01,09:18:47.000,24760.0,75.0,24758.2,24761.8,75.0
2025-10-01,09:18:48.000,24760.25,75.0,24758.2,24762.3,150.0
2025-10-01,09:18:49.000,24760.25,75.0,24758.2,24762.3,150.0
2025-10-01,09:18:50.000,24761.5,75.0,24760.0,24763.0,75.0
2025-10-01,09:18:51.000,24761.5,75.0,24760.0,24763.0,75.0
2025-10-01,09:18:52.000,24759.85,75.0,24757.0,24762.7,150.0
2025-10-01,09:18:53.000,24759.85,75.0,24757.2,24762.5,150.0
2025-10-01,09:18:54.000,24759.85,75.0,24757.2,24762.5,150.0
2025-10-01,09:18:55.000,24758.85,75.0,24757.2,24760.5,75.0
2025-10-01,09:18:56.000,24759.5,75.0,24757.0,24762.0,150.0
2025-10-01,09:18:57.000,24759.5,75.0,24757.0,24762.0,150.0
2025-10-01,09:18:58.000,24756.75,525.0,24755.3,24758.2,75.0
2025-10-01,09:18:59.000,24756.75,525.0,24755.3,24758.2,75.0
2025-10-01,09:19:00.000,24758.15,150.0,24755.3,24761.0,150.0
2025-10-01,09:19:01.000,24754.25,225.0,24751.0,24757.5,150.0
2025-10-01,09:19:02.000,24754.25,225.0,24751.0,24757.5,150.0
2025-10-01,09:19:03.000,24756.75,75.0,24755.3,24758.2,75.0
2025-10-01,09:19:04.000,24756.75,75.0,24755.3,24758.2,75.0
2025-10-01,09:19:05.000,24754.4,675.0,24753.0,24755.8,75.0
2025-10-01,09:19:06.000,24753.15,150.0,24751.3,24755.0,1500.0
2025-10-01,09:19:07.000,24753.15,150.0,24751.3,24755.0,1500.0
2025-10-01,09:19:08.000,24754.5,150.0,24753.3,24755.7,300.0
2025-10-01,09:19:09.000,24754.5,150.0,24753.3,24755.7,300.0
2025-10-01,09:19:10.000,24756.7,150.0,24754.4,24759.0,75.0
2025-10-01,09:19:11.000,24754.4,150.0,24753.2,24755.6,375.0
2025-10-01,09:19:12.000,24754.4,150.0,24753.2,24755.6,375.0
2025-10-01,09:19:13.000,24754.35,150.0,24753.1,24755.6,300.0
2025-10-01,09:19:14.000,24754.35,150.0,24753.1,24755.6,300.0
2025-10-01,09:19:15.000,24755.45,375.0,24755.3,24755.6,75.0
2025-10-01,09:19:16.000,24755.45,375.0,24755.3,24755.6,75.0
2025-10-01,09:19:17.000,24755.45,375.0,24755.3,24755.6,75.0
2025-10-01,09:19:18.000,24755.95,150.0,24755.4,24756.5,75.0
2025-10-01,09:19:19.000,24755.95,150.0,24755.4,24756.5,75.0
2025-10-01,09:19:20.000,24754.2,225.0,24753.4,24755.0,300.0
2025-10-01,09:19:21.000,24752.6,75.0,24752.0,24753.2,75.0
2025-10-01,09:19:22.000,24752.6,75.0,24752.0,24753.2,75.0
2025-10-01,09:19:23.000,24752.85,75.0,24751.8,24753.9,300.0
2025-10-01,09:19:24.000,24754.05,75.0,24752.9,24755.2,150.0
2025-10-01,09:19:25.000,24754.05,75.0,24752.9,24755.2,150.0
2025-10-01,09:19:26.000,24753.45,750.0,24750.5,24756.4,450.0
2025-10-01,09:19:27.000,24753.45,750.0,24750.5,24756.4,450.0
2025-10-01,09:19:28.000,24754.45,75.0,24752.5,24756.4,375.0
2025-10-01,09:19:29.000,24753.75,75.0,24751.2,24756.3,300.0
2025-10-01,09:19:30.000,24753.75,75.0,24751.2,24756.3,300.0
2025-10-01,09:19:31.000,24755.75,75.0,24755.2,24756.3,150.0
2025-10-01,09:19:32.000,24755.75,75.0,24755.2,24756.3,150.0
2025-10-01,09:19:33.000,24755.9,225.0,24755.6,24756.2,75.0
2025-10-01,09:19:34.000,24754.9,150.0,24753.8,24756.0,300.0
2025-10-01,09:19:35.000,24754.9,150.0,24753.8,24756.0,300.0
2025-10-01,09:19:36.000,24754.35,375.0,24753.2,24755.5,75.0
2025-10-01,09:19:37.000,24753.7,150.0,24752.5,24754.9,75.0
2025-10-01,09:19:38.000,24753.7,150.0,24752.5,24754.9,75.0
2025-10-01,09:19:39.000,24753.55,150.0,24752.1,24755.0,75.0
2025-10-01,09:19:40.000,24753.55,150.0,24752.1,24755.0,75.0
2025-10-01,09:19:41.000,24755.2,150.0,24754.8,24755.6,150.0
2025-10-01,09:19:42.000,24755.1,375.0,24754.7,24755.5,150.0
2025-10-01,09:19:43.000,24755.1,375.0,24754.7,24755.5,150.0
2025-10-01,09:19:44.000,24754.15,750.0,24753.5,24754.8,150.0
2025-10-01,09:19:45.000,24757.05,150.0,24755.1,24759.0,300.0
2025-10-01,09:19:46.000,24757.05,150.0,24755.1,24759.0,300.0
2025-10-01,09:19:47.000,24756.25,150.0,24755.1,24757.4,75.0
2025-10-01,09:19:48.000,24756.25,150.0,24755.1,24757.4,75.0
2025-10-01,09:19:49.000,24754.45,150.0,24753.9,24755.0,750.0
2025-10-01,09:19:50.000,24754.45,150.0,24753.9,24755.0,225.0
2025-10-01,09:19:51.000,24754.45,150.0,24753.9,24755.0,225.0
2025-10-01,09:19:52.000,24753.2,75.0,24752.0,24754.4,75.0
2025-10-01,09:19:53.000,24753.2,75.0,24752.0,24754.4,75.0
2025-10-01,09:19:54.000,24752.4,225.0,24751.9,24752.9,75.0
2025-10-01,09:19:55.000,24751.55,150.0,24750.2,24752.9,75.0
2025-10-01,09:19:56.000,24751.55,150.0,24750.2,24752.9,75.0
2025-10-01,09:19:57.000,24750.7,1875.0,24750.0,24751.4,75.0
2025-10-01,09:19:58.000,24750.7,1875.0,24750.0,24751.4,75.0
2025-10-01,09:19:59.000,24750.2,1950.0,24750.0,24750.4,75.0
2025-10-01,09:20:00.000,24746.9,750.0,24743.5,24750.3,75.0
2025-10-01,09:20:01.000,24746.9,750.0,24743.5,24750.3,75.0
2025-10-01,09:20:02.000,24746.55,150.0,24743.5,24749.6,75.0
2025-10-01,09:20:03.000,24746.55,150.0,24743.5,24749.6,75.0
2025-10-01,09:20:04.000,24745.05,450.0,24741.3,24748.8,300.0
2025-10-01,09:20:05.000,24744.6,150.0,24741.3,24747.9,75.0
2025-10-01,09:20:06.000,24744.6,150.0,24741.3,24747.9,75.0
2025-10-01,09:20:07.000,24746.05,825.0,24742.5,24749.6,300.0
2025-10-01,09:20:08.000,24745.5,525.0,24742.3,24748.7,75.0
2025-10-01,09:20:09.000,24745.5,525.0,24742.3,24748.7,75.0
2025-10-01,09:20:10.000,24745.25,150.0,24741.9,24748.6,150.0
2025-10-01,09:20:11.000,24745.25,150.0,24741.9,24748.6,150.0
2025-10-01,09:20:12.000,24744.05,225.0,24740.9,24747.2,375.0
2025-10-01,09:20:13.000,24743.25,75.0,24740.1,24746.4,75.0
2025-10-01,09:20:14.000,24743.25,75.0,24740.1,24746.4,75.0
2025-10-01,09:20:15.000,24742.75,750.0,24739.3,24746.2,300.0
2025-10-01,09:20:16.000,24742.75,750.0,24739.3,24746.2,300.0
2025-10-01,09:20:17.000,24742.25,450.0,24739.0,24745.5,150.0
2025-10-01,09:20:18.000,24742.5,450.0,24739.6,24745.4,300.0
2025-10-01,09:20:19.000,24742.5,450.0,24739.6,24745.4,300.0
2025-10-01,09:20:20.000,24738.3,300.0,24734.7,24741.9,300.0
2025-10-01,09:20:21.000,24738.3,300.0,24734.7,24741.9,300.0
2025-10-01,09:20:22.000,24737.7,150.0,24735.4,24740.0,5100.0
2025-10-01,09:20:23.000,24736.75,225.0,24735.4,24738.1,900.0
2025-10-01,09:20:24.000,24736.75,225.0,24735.4,24738.1,900.0
2025-10-01,09:20:25.000,24736.2,150.0,24734.3,24738.1,675.0
2025-10-01,09:20:26.000,24736.2,150.0,24734.3,24738.1,675.0
2025-10-01,09:20:27.000,24736.3,225.0,24734.5,24738.1,600.0
2025-10-01,09:20:28.000,24736.65,750.0,24735.2,24738.1,375.0
2025-10-01,09:20:29.000,24736.65,750.0,24735.2,24738.1,375.0
2025-10-01,09:20:30.000,24737.8,75.0,24737.6,24738.0,75.0
2025-10-01,09:20:31.000,24737.8,75.0,24737.6,24738.0,75.0
2025-10-01,09:20:32.000,24738.95,225.0,24737.9,24740.0,5100.0
2025-10-01,09:20:33.000,24743.25,375.0,24741.2,24745.3,75.0
2025-10-01,09:20:34.000,24743.25,375.0,24741.2,24745.3,75.0
2025-10-01,09:20:35.000,24742.65,525.0,24740.1,24745.2,300.0
2025-10-01,09:20:36.000,24742.5,75.0,24739.8,24745.2,300.0
2025-10-01,09:20:37.000,24742.5,75.0,24739.8,24745.2,300.0
2025-10-01,09:20:38.000,24739.65,150.0,24738.1,24741.2,750.0
2025-10-01,09:20:39.000,24739.65,150.0,24738.1,24741.2,750.0
2025-10-01,09:20:40.000,24738.2,450.0,24736.2,24740.2,75.0
2025-10-01,09:20:41.000,24742.35,150.0,24739.5,24745.2,300.0
2025-10-01,09:20:42.000,24742.35,150.0,24739.5,24745.2,300.0
2025-10-01,09:20:43.000,24743.55,150.0,24741.9,24745.2,150.0
2025-10-01,09:20:44.000,24743.55,150.0,24741.9,24745.2,150.0
2025-10-01,09:20:45.000,24740.8,150.0,24739.7,24741.9,75.0
2025-10-01,09:20:46.000,24742.65,75.0,24739.5,24745.8,75.0
2025-10-01,09:20:47.000,24742.65,75.0,24739.5,24745.8,75.0
2025-10-01,09:20:48.000,24743.1,300.0,24740.2,24746.0,75.0
2025-10-01,09:20:49.000,24743.1,300.0,24740.2,24746.0,75.0
2025-10-01,09:20:50.000,24743.85,450.0,24740.7,24747.0,75.0
2025-10-01,09:20:51.000,24742.9,225.0,24740.8,24745.0,600.0
2025-10-01,09:20:52.000,24742.9,225.0,24740.8,24745.0,600.0
2025-10-01,09:20:53.000,24743.85,600.0,24740.7,24747.0,1800.0
2025-10-01,09:20:54.000,24743.85,600.0,24740.7,24747.0,1800.0
2025-10-01,09:20:55.000,24746.05,75.0,24745.1,24747.0,1500.0
2025-10-01,09:20:56.000,24747.4,600.0,24746.8,24748.0,375.0
2025-10-01,09:20:57.000,24747.4,600.0,24746.8,24748.0,375.0
2025-10-01,09:20:58.000,24749.3,600.0,24746.0,24752.6,1875.0
2025-10-01,09:20:59.000,24749.3,600.0,24746.0,24752.6,1875.0
2025-10-01,09:21:00.000,24750.8,300.0,24749.0,24752.6,1425.0
2025-10-01,09:21:01.000,24748.95,300.0,24745.7,24752.2,450.0
2025-10-01,09:21:02.000,24748.95,300.0,24745.7,24752.2,450.0
2025-10-01,09:21:03.000,24746.75,300.0,24743.0,24750.5,675.0
2025-10-01,09:21:04.000,24746.75,300.0,24743.0,24750.5,675.0
2025-10-01,09:21:05.000,24746.85,75.0,24743.8,24749.9,75.0
2025-10-01,09:21:06.000,24747.3,150.0,24744.4,24750.2,150.0
2025-10-01,09:21:07.000,24747.3,150.0,24744.4,24750.2,150.0
2025-10-01,09:21:08.000,24748.9,300.0,24745.8,24752.0,75.0
2025-10-01,09:21:09.000,24748.9,300.0,24745.8,24752.0,75.0
2025-10-01,09:21:10.000,24749.3,75.0,24746.6,24752.0,75.0
2025-10-01,09:21:11.000,24747.75,75.0,24745.8,24749.7,150.0
2025-10-01,09:21:12.000,24747.75,75.0,24745.8,24749.7,150.0
2025-10-01,09:21:13.000,24749.35,225.0,24746.4,24752.3,75.0
2025-10-01,09:21:14.000,24749.35,225.0,24746.4,24752.3,75.0
2025-10-01,09:21:15.000,24749.35,75.0,24747.7,24751.0,75.0
2025-10-01,09:21:16.000,24749.35,75.0,24747.7,24751.0,75.0
2025-10-01,09:21:17.000,24752.45,150.0,24749.9,24755.0,150.0
2025-10-01,09:21:18.000,24752.85,75.0,24749.7,24756.0,300.0
2025-10-01,09:21:19.000,24752.85,75.0,24749.7,24756.0,300.0
2025-10-01,09:21:20.000,24753.3,75.0,24750.2,24756.4,150.0
2025-10-01,09:21:21.000,24753.3,75.0,24750.2,24756.4,150.0
2025-10-01,09:21:22.000,24752.8,75.0,24750.6,24755.0,75.0
2025-10-01,09:21:23.000,24749.2,75.0,24748.2,24750.2,75.0
2025-10-01,09:21:24.000,24749.2,75.0,24748.2,24750.2,75.0
2025-10-01,09:21:25.000,24749.5,75.0,24748.0,24751.0,75.0
2025-10-01,09:21:26.000,24749.5,75.0,24748.0,24751.0,75.0
2025-10-01,09:21:27.000,24748.6,150.0,24747.0,24750.2,75.0
2025-10-01,09:21:28.000,24747.15,75.0,24745.2,24749.1,225.0
2025-10-01,09:21:29.000,24747.15,75.0,24745.2,24749.1,225.0
2025-10-01,09:21:30.000,24748.1,150.0,24747.9,24748.3,75.0
2025-10-01,09:21:31.000,24748.1,150.0,24747.9,24748.3,75.0
2025-10-01,09:21:32.000,24747.15,750.0,24745.0,24749.3,75.0
2025-10-01,09:21:33.000,24748.9,300.0,24747.9,24749.9,75.0
2025-10-01,09:21:34.000,24748.9,300.0,24747.9,24749.9,75.0
2025-10-01,09:21:35.000,24748.9,225.0,24747.9,24749.9,75.0
2025-10-01,09:21:36.000,24748.9,225.0,24747.9,24749.9,75.0
2025-10-01,09:21:37.000,24748.95,225.0,24747.9,24750.0,75.0
2025-10-01,09:21:38.000,24749.5,225.0,24747.9,24751.1,75.0
2025-10-01,09:21:39.000,24749.5,225.0,24747.9,24751.1,75.0
2025-10-01,09:21:40.000,24749.45,225.0,24747.9,24751.0,375.0
2025-10-01,09:21:41.000,24749.45,225.0,24747.9,24751.0,375.0
2025-10-01,09:21:42.000,24749.45,225.0,24747.9,24751.0,375.0
2025-10-01,09:21:43.000,24749.45,225.0,24747.9,24751.0,75.0
2025-10-01,09:21:44.000,24749.45,225.0,24747.9,24751.0,75.0
2025-10-01,09:21:45.000,24749.45,75.0,24748.0,24750.9,375.0
2025-10-01,09:21:46.000,24749.45,75.0,24748.0,24750.9,375.0
2025-10-01,09:21:47.000,24749.4,225.0,24747.9,24750.9,375.0
2025-10-01,09:21:48.000,24749.4,225.0,24747.9,24750.9,150.0
2025-10-01,09:21:49.000,24749.4,225.0,24747.9,24750.9,150.0
2025-10-01,09:21:50.000,24750.45,225.0,24750.0,24750.9,150.0
2025-10-01,09:21:51.000,24750.45,225.0,24750.0,24750.9,150.0
2025-10-01,09:21:52.000,24751.95,150.0,24750.9,24753.0,225.0
2025-10-01,09:21:53.000,24751.05,375.0,24749.2,24752.9,525.0
2025-10-01,09:21:54.000,24751.05,375.0,24749.2,24752.9,525.0
2025-10-01,09:21:55.000,24751.35,300.0,24750.2,24752.5,150.0
2025-10-01,09:21:56.000,24751.35,300.0,24750.2,24752.5,150.0
2025-10-01,09:21:57.000,24751.7,225.0,24750.5,24752.9,375.0
2025-10-01,09:21:58.000,24752.0,75.0,24751.1,24752.9,300.0
2025-10-01,09:21:59.000,24752.0,75.0,24751.1,24752.9,300.0
2025-10-01,09:22:00.000,24753.95,75.0,24752.9,24755.0,75.0
2025-10-01,09:22:01.000,24753.95,75.0,24752.9,24755.0,75.0
2025-10-01,09:22:02.000,24753.95,75.0,24753.0,24754.9,375.0
2025-10-01,09:22:03.000,24753.95,300.0,24753.0,24754.9,300.0
2025-10-01,09:22:04.000,24753.95,300.0,24753.0,24754.9,300.0
2025-10-01,09:22:05.000,24754.25,450.0,24753.6,24754.9,75.0
2025-10-01,09:22:06.000,24754.25,450.0,24753.6,24754.9,75.0
2025-10-01,09:22:07.000,24755.5,375.0,24755.0,24756.0,75.0
2025-10-01,09:22:08.000,24755.45,225.0,24755.0,24755.9,75.0
2025-10-01,09:22:09.000,24755.45,225.0,24755.0,24755.9,75.0
2025-10-01,09:22:10.000,24757.35,150.0,24756.0,24758.7,225.0
2025-10-01,09:22:11.000,24757.35,150.0,24756.0,24758.7,225.0
2025-10-01,09:22:12.000,24754.9,300.0,24751.4,24758.4,75.0
2025-10-01,09:22:13.000,24755.0,225.0,24752.2,24757.8,150.0
2025-10-01,09:22:14.000,24755.0,225.0,24752.2,24757.8,150.0
2025-10-01,09:22:15.000,24755.3,450.0,24752.3,24758.3,450.0
2025-10-01,09:22:16.000,24755.3,450.0,24752.3,24758.3,450.0
2025-10-01,09:22:17.000,24755.75,375.0,24753.4,24758.1,75.0
2025-10-01,09:22:18.000,24756.7,150.0,24755.1,24758.3,225.0
2025-10-01,09:22:19.000,24756.7,150.0,24755.1,24758.3,225.0
2025-10-01,09:22:20.000,24756.15,75.0,24753.0,24759.3,225.0
2025-10-01,09:22:21.000,24757.2,450.0,24754.4,24760.0,3675.0
2025-10-01,09:22:22.000,24757.2,450.0,24754.4,24760.0,3675.0
2025-10-01,09:22:23.000,24757.15,75.0,24755.1,24759.2,150.0
2025-10-01,09:22:24.000,24757.15,75.0,24755.1,24759.2,150.0
2025-10-01,09:22:25.000,24757.6,75.0,24755.5,24759.7,75.0
2025-10-01,09:22:26.000,24757.7,75.0,24755.7,24759.7,75.0
2025-10-01,09:22:27.000,24757.7,75.0,24755.7,24759.7,75.0
2025-10-01,09:22:28.000,24758.5,75.0,24757.0,24760.0,3075.0
2025-10-01,09:22:29.000,24758.5,75.0,24757.0,24760.0,3075.0
2025-10-01,09:22:30.000,24757.1,150.0,24755.2,24759.0,75.0
2025-10-01,09:22:31.000,24757.2,150.0,24755.2,24759.2,75.0
2025-10-01,09:22:32.000,24757.2,150.0,24755.2,24759.2,75.0
2025-10-01,09:22:33.000,24756.8,150.0,24755.2,24758.4,75.0
2025-10-01,09:22:34.000,24756.8,150.0,24755.2,24758.4,75.0
2025-10-01,09:22:35.000,24757.0,75.0,24755.4,24758.6,225.0
2025-10-01,09:22:36.000,24756.75,150.0,24755.0,24758.5,375.0
2025-10-01,09:22:37.000,24756.75,150.0,24755.0,24758.5,375.0
2025-10-01,09:22:38.000,24756.4,150.0,24755.1,24757.7,75.0
2025-10-01,09:22:39.000,24756.25,225.0,24755.0,24757.5,75.0
2025-10-01,09:22:40.000,24756.25,225.0,24755.0,24757.5,75.0
2025-10-01,09:22:41.000,24756.3,225.0,24755.0,24757.6,375.0
2025-10-01,09:22:42.000,24756.3,225.0,24755.0,24757.6,375.0
2025-10-01,09:22:43.000,24755.35,150.0,24753.1,24757.6,300.0
2025-10-01,09:22:44.000,24755.6,75.0,24753.7,24757.5,375.0
2025-10-01,09:22:45.000,24755.6,75.0,24753.7,24757.5,375.0
2025-10-01,09:22:46.000,24755.7,75.0,24753.9,24757.5,375.0
2025-10-01,09:22:47.000,24755.7,75.0,24753.9,24757.5,375.0
2025-10-01,09:22:48.000,24757.75,75.0,24757.5,24758.0,300.0
2025-10-01,09:22:49.000,24755.85,75.0,24753.8,24757.9,375.0
2025-10-01,09:22:50.000,24755.85,75.0,24753.8,24757.9,375.0
2025-10-01,09:22:51.000,24757.75,300.0,24757.6,24757.9,375.0
2025-10-01,09:22:52.000,24756.0,975.0,24755.0,24757.0,75.0
2025-10-01,09:22:53.000,24756.0,975.0,24755.0,24757.0,75.0
2025-10-01,09:22:54.000,24757.25,75.0,24757.0,24757.5,75.0
2025-10-01,09:22:55.000,24757.25,75.0,24757.0,24757.5,75.0
2025-10-01,09:22:56.000,24753.75,150.0,24750.8,24756.7,75.0
2025-10-01,09:22:57.000,24752.5,75.0,24750.6,24754.4,75.0
2025-10-01,09:22:58.000,24752.5,75.0,24750.6,24754.4,75.0
2025-10-01,09:22:59.000,24752.45,75.0,24750.6,24754.3,375.0
2025-10-01,09:23:00.000,24752.45,75.0,24750.6,24754.3,375.0
2025-10-01,09:23:01.000,24752.45,75.0,24750.6,24754.3,150.0
2025-10-01,09:23:02.000,24752.55,975.0,24750.0,24755.1,75.0
2025-10-01,09:23:03.000,24752.55,975.0,24750.0,24755.1,75.0
2025-10-01,09:23:04.000,24752.45,75.0,24750.1,24754.8,75.0
2025-10-01,09:23:05.000,24752.45,75.0,24750.1,24754.8,75.0
2025-10-01,09:23:06.000,24754.15,150.0,24754.0,24754.3,75.0
2025-10-01,09:23:07.000,24754.5,150.0,24754.0,24755.0,300.0
2025-10-01,09:23:08.000,24754.5,150.0,24754.0,24755.0,300.0
2025-10-01,09:23:09.000,24754.85,75.0,24753.9,24755.8,75.0
2025-10-01,09:23:10.000,24754.85,75.0,24753.9,24755.8,75.0
2025-10-01,09:23:11.000,24752.45,1050.0,24750.0,24754.9,150.0
2025-10-01,09:23:12.000,24755.8,75.0,24755.0,24756.6,75.0
2025-10-01,09:23:13.000,24755.8,75.0,24755.0,24756.6,75.0
2025-10-01,09:23:14.000,24756.85,75.0,24756.7,24757.0,75.0
2025-10-01,09:23:15.000,24756.85,75.0,24756.7,24757.0,75.0
2025-10-01,09:23:16.000,24756.3,300.0,24755.0,24757.6,75.0
2025-10-01,09:23:17.000,24757.65,525.0,24755.3,24760.0,3225.0
2025-10-01,09:23:18.000,24757.65,525.0,24755.3,24760.0,3225.0
2025-10-01,09:23:19.000,24757.65,525.0,24755.3,24760.0,1275.0
2025-10-01,09:23:20.000,24757.65,525.0,24755.3,24760.0,1275.0
2025-10-01,09:23:21.000,24757.65,150.0,24755.3,24760.0,1275.0
2025-10-01,09:23:22.000,24757.1,75.0,24755.1,24759.1,75.0
2025-10-01,09:23:23.000,24757.1,75.0,24755.1,24759.1,75.0
2025-10-01,09:23:24.000,24757.05,75.0,24755.1,24759.0,225.0
2025-10-01,09:23:25.000,24757.05,75.0,24755.1,24759.0,225.0
2025-10-01,09:23:26.000,24756.45,75.0,24755.1,24757.8,75.0
2025-10-01,09:23:27.000,24755.7,3375.0,24755.0,24756.4,75.0
2025-10-01,09:23:28.000,24755.7,3375.0,24755.0,24756.4,75.0
2025-10-01,09:23:29.000,24755.5,2850.0,24755.0,24756.0,150.0
2025-10-01,09:23:30.000,24755.5,2850.0,24755.0,24756.0,150.0
2025-10-01,09:23:31.000,24756.5,300.0,24755.3,24757.7,75.0
2025-10-01,09:23:32.000,24756.7,300.0,24755.3,24758.1,75.0
2025-10-01,09:23:33.000,24756.7,300.0,24755.3,24758.1,75.0
2025-10-01,09:23:34.000,24757.1,450.0,24755.3,24758.9,75.0
2025-10-01,09:23:35.000,24757.1,450.0,24755.3,24758.9,75.0
2025-10-01,09:23:36.000,24757.05,450.0,24755.3,24758.8,75.0
2025-10-01,09:23:37.000,24755.7,150.0,24755.3,24756.1,75.0
2025-10-01,09:23:38.000,24755.7,150.0,24755.3,24756.1,75.0
2025-10-01,09:23:39.000,24755.35,75.0,24754.3,24756.4,225.0
2025-10-01,09:23:40.000,24755.35,75.0,24754.3,24756.4,225.0
2025-10-01,09:23:41.000,24754.65,75.0,24754.3,24755.0,75.0
2025-10-01,09:23:42.000,24756.9,75.0,24756.6,24757.2,75.0
2025-10-01,09:23:43.000,24756.9,75.0,24756.6,24757.2,75.0
2025-10-01,09:23:44.000,24755.6,75.0,24754.3,24756.9,75.0
2025-10-01,09:23:45.000,24755.6,75.0,24754.3,24756.9,75.0
2025-10-01,09:23:46.000,24754.85,75.0,24754.3,24755.4,75.0
2025-10-01,09:23:47.000,24755.7,75.0,24754.3,24757.1,150.0
2025-10-01,09:23:48.000,24755.7,75.0,24754.3,24757.1,150.0
2025-10-01,09:23:49.000,24757.1,150.0,24756.5,24757.7,150.0
2025-10-01,09:23:50.000,24757.1,150.0,24756.5,24757.7,150.0
2025-10-01,09:23:51.000,24757.3,75.0,24756.6,24758.0,150.0
2025-10-01,09:23:52.000,24757.05,450.0,24755.1,24759.0,225.0
2025-10-01,09:23:53.000,24757.05,450.0,24755.1,24759.0,225.0
2025-10-01,09:23:54.000,24758.0,375.0,24756.0,24760.0,1200.0
2025-10-01,09:23:55.000,24758.0,375.0,24756.0,24760.0,1200.0
2025-10-01,09:23:56.000,24758.85,75.0,24757.7,24760.0,600.0
2025-10-01,09:23:57.000,24758.5,150.0,24757.0,24760.0,525.0
2025-10-01,09:23:58.000,24758.5,150.0,24757.0,24760.0,525.0
2025-10-01,09:23:59.000,24759.55,150.0,24759.1,24760.0,450.0
2025-10-01,09:24:00.000,24759.55,150.0,24759.1,24760.0,450.0
2025-10-01,09:24:01.000,24759.55,150.0,24759.1,24760.0,225.0
2025-10-01,09:24:02.000,24759.55,75.0,24759.1,24760.0,150.0
2025-10-01,09:24:03.000,24759.55,75.0,24759.1,24760.0,150.0
2025-10-01,09:24:04.000,24761.2,150.0,24760.1,24762.3,75.0
2025-10-01,09:24:05.000,24761.2,150.0,24760.1,24762.3,75.0
2025-10-01,09:24:06.000,24761.55,150.0,24760.1,24763.0,75.0
2025-10-01,09:24:07.000,24761.95,75.0,24760.1,24763.8,225.0
2025-10-01,09:24:08.000,24761.95,75.0,24760.1,24763.8,225.0
2025-10-01,09:24:09.000,24761.5,150.0,24759.1,24763.9,75.0
2025-10-01,09:24:10.000,24761.5,150.0,24759.1,24763.9,75.0
2025-10-01,09:24:11.000,24761.5,75.0,24759.1,24763.9,150.0
2025-10-01,09:24:12.000,24761.45,75.0,24759.1,24763.8,75.0
2025-10-01,09:24:13.000,24761.45,75.0,24759.1,24763.8,75.0
2025-10-01,09:24:14.000,24761.3,150.0,24759.1,24763.5,75.0
2025-10-01,09:24:15.000,24761.3,150.0,24759.1,24763.5,75.0
2025-10-01,09:24:16.000,24760.9,150.0,24759.1,24762.7,75.0
2025-10-01,09:24:17.000,24761.4,75.0,24759.1,24763.7,75.0
2025-10-01,09:24:18.000,24761.4,75.0,24759.1,24763.7,75.0
2025-10-01,09:24:19.000,24763.6,75.0,24762.8,24764.4,75.0
2025-10-01,09:24:20.000,24763.6,75.0,24762.8,24764.4,75.0
2025-10-01,09:24:21.000,24763.9,75.0,24762.8,24765.0,450.0
2025-10-01,09:24:22.000,24763.9,150.0,24762.8,24765.0,450.0
2025-10-01,09:24:23.000,24763.9,150.0,24762.8,24765.0,450.0
2025-10-01,09:24:24.000,24763.85,75.0,24762.7,24765.0,600.0
2025-10-01,09:24:25.000,24763.85,75.0,24762.7,24765.0,600.0
2025-10-01,09:24:26.000,24764.25,75.0,24763.5,24765.0,375.0
2025-10-01,09:24:27.000,24764.25,75.0,24763.5,24765.0,300.0
2025-10-01,09:24:28.000,24764.25,75.0,24763.5,24765.0,300.0
2025-10-01,09:24:29.000,24764.5,75.0,24763.5,24765.5,75.0
2025-10-01,09:24:30.000,24764.5,75.0,24763.5,24765.5,75.0
2025-10-01,09:24:31.000,24765.1,75.0,24765.0,24765.2,75.0
2025-10-01,09:24:32.000,24762.15,450.0,24760.0,24764.3,75.0
2025-10-01,09:24:33.000,24762.15,450.0,24760.0,24764.3,75.0
2025-10-01,09:24:34.000,24761.6,75.0,24760.1,24763.1,75.0
2025-10-01,09:24:35.000,24761.6,75.0,24760.1,24763.1,75.0
2025-10-01,09:24:36.000,24761.1,375.0,24760.0,24762.2,225.0
2025-10-01,09:24:37.000,24760.5,375.0,24760.0,24761.0,150.0
2025-10-01,09:24:38.000,24760.5,375.0,24760.0,24761.0,150.0
2025-10-01,09:24:39.000,24760.55,225.0,24760.0,24761.1,150.0
2025-10-01,09:24:40.000,24760.55,225.0,24760.0,24761.1,150.0
2025-10-01,09:24:41.000,24759.3,150.0,24759.0,24759.6,75.0
2025-10-01,09:24:42.000,24759.95,150.0,24759.9,24760.0,75.0
2025-10-01,09:24:43.000,24759.95,150.0,24759.9,24760.0,75.0
2025-10-01,09:24:44.000,24761.0,75.0,24760.0,24762.0,150.0
2025-10-01,09:24:45.000,24761.0,75.0,24760.0,24762.0,150.0
2025-10-01,09:24:46.000,24760.8,75.0,24760.0,24761.6,150.0
2025-10-01,09:24:47.000,24760.9,150.0,24759.0,24762.8,225.0
2025-10-01,09:24:48.000,24760.9,150.0,24759.0,24762.8,225.0
2025-10-01,09:24:49.000,24761.05,75.0,24758.2,24763.9,225.0
2025-10-01,09:24:50.000,24761.05,75.0,24758.2,24763.9,225.0
2025-10-01,09:24:51.000,24762.0,750.0,24760.0,24764.0,75.0
2025-10-01,09:24:52.000,24762.5,900.0,24761.0,24764.0,75.0
2025-10-01,09:24:53.000,24762.5,900.0,24761.0,24764.0,75.0
2025-10-01,09:24:54.000,24764.5,300.0,24764.0,24765.0,150.0
2025-10-01,09:24:55.000,24764.5,300.0,24764.0,24765.0,150.0
2025-10-01,09:24:56.000,24765.05,150.0,24764.1,24766.0,225.0
2025-10-01,09:24:57.000,24764.5,150.0,24764.0,24765.0,300.0
2025-10-01,09:24:58.000,24764.5,150.0,24764.0,24765.0,300.0
2025-10-01,09:24:59.000,24764.5,150.0,24764.0,24765.0,225.0
2025-10-01,09:25:00.000,24764.5,150.0,24764.0,24765.0,225.0
2025-10-01,09:25:01.000,24766.55,75.0,24765.1,24768.0,75.0
2025-10-01,09:25:02.000,24766.75,300.0,24765.0,24768.5,75.0
2025-10-01,09:25:03.000,24766.75,300.0,24765.0,24768.5,75.0
2025-10-01,09:25:04.000,24767.0,675.0,24765.1,24768.9,75.0
2025-10-01,09:25:05.000,24767.0,675.0,24765.1,24768.9,75.0
2025-10-01,09:25:06.000,24766.85,75.0,24765.1,24768.6,75.0
2025-10-01,09:25:07.000,24765.85,75.0,24765.0,24766.7,150.0
2025-10-01,09:25:08.000,24765.85,75.0,24765.0,24766.7,150.0
2025-10-01,09:25:09.000,24765.6,225.0,24764.0,24767.2,75.0
2025-10-01,09:25:10.000,24765.6,225.0,24764.0,24767.2,75.0
2025-10-01,09:25:11.000,24766.0,150.0,24764.0,24768.0,75.0
2025-10-01,09:25:12.000,24764.65,150.0,24764.3,24765.0,450.0
2025-10-01,09:25:13.000,24764.65,150.0,24764.3,24765.0,450.0
2025-10-01,09:25:14.000,24766.95,150.0,24764.9,24769.0,1050.0
2025-10-01,09:25:15.000,24766.95,150.0,24764.9,24769.0,1050.0
2025-10-01,09:25:16.000,24767.15,150.0,24765.3,24769.0,1050.0
2025-10-01,09:25:17.000,24768.05,75.0,24767.1,24769.0,1125.0
2025-10-01,09:25:18.000,24768.05,75.0,24767.1,24769.0,1125.0
2025-10-01,09:25:19.000,24768.55,225.0,24767.1,24770.0,1875.0
2025-10-01,09:25:20.000,24768.55,225.0,24767.1,24770.0,1875.0
2025-10-01,09:25:21.000,24768.55,225.0,24767.1,24770.0,1200.0
2025-10-01,09:25:22.000,24768.55,150.0,24767.1,24770.0,1050.0
2025-10-01,09:25:23.000,24768.55,150.0,24767.1,24770.0,1050.0
2025-10-01,09:25:24.000,24768.55,150.0,24767.1,24770.0,750.0
2025-10-01,09:25:25.000,24768.55,150.0,24767.1,24770.0,750.0
2025-10-01,09:25:26.000,24766.9,150.0,24764.3,24769.5,225.0
2025-10-01,09:25:27.000,24766.9,75.0,24764.3,24769.5,75.0
2025-10-01,09:25:28.000,24766.9,75.0,24764.3,24769.5,75.0
2025-10-01,09:25:29.000,24766.65,150.0,24764.1,24769.2,525.0
2025-10-01,09:25:30.000,24766.65,150.0,24764.1,24769.2,525.0
2025-10-01,09:25:31.000,24766.1,150.0,24764.1,24768.1,675.0
2025-10-01,09:25:32.000,24764.15,150.0,24764.1,24764.2,225.0
2025-10-01,09:25:33.000,24764.15,150.0,24764.1,24764.2,225.0
2025-10-01,09:25:34.000,24767.15,450.0,24764.3,24770.0,825.0
2025-10-01,09:25:35.000,24767.15,450.0,24764.3,24770.0,825.0
2025-10-01,09:25:36.000,24767.0,150.0,24764.3,24769.7,450.0
2025-10-01,09:25:37.000,24767.4,150.0,24764.8,24770.0,900.0
2025-10-01,09:25:38.000,24767.4,150.0,24764.8,24770.0,900.0
2025-10-01,09:25:39.000,24768.55,825.0,24767.0,24770.1,75.0
2025-10-01,09:25:40.000,24768.55,825.0,24767.0,24770.1,75.0
2025-10-01,09:25:41.000,24768.85,225.0,24768.0,24769.7,75.0
2025-10-01,09:25:42.000,24768.85,225.0,24768.0,24769.7,75.0
2025-10-01,09:25:43.000,24771.8,75.0,24770.0,24773.6,75.0
2025-10-01,09:25:44.000,24769.05,75.0,24768.1,24770.0,75.0
2025-10-01,09:25:45.000,24769.05,75.0,24768.1,24770.0,75.0
2025-10-01,09:25:46.000,24770.35,75.0,24769.7,24771.0,225.0
2025-10-01,09:25:47.000,24770.35,75.0,24769.7,24771.0,225.0
2025-10-01,09:25:48.000,24768.05,750.0,24766.4,24769.7,75.0
2025-10-01,09:25:49.000,24770.25,150.0,24767.3,24773.2,150.0
2025-10-01,09:25:50.000,24770.25,150.0,24767.3,24773.2,150.0
2025-10-01,09:25:51.000,24771.1,75.0,24769.7,24772.5,75.0
2025-10-01,09:25:52.000,24771.1,75.0,24769.7,24772.5,75.0
2025-10-01,09:25:53.000,24771.0,150.0,24769.8,24772.2,75.0
2025-10-01,09:25:54.000,24771.0,150.0,24769.9,24772.1,225.0
2025-10-01,09:25:55.000,24771.0,150.0,24769.9,24772.1,225.0
2025-10-01,09:25:56.000,24770.85,75.0,24770.0,24771.7,75.0
2025-10-01,09:25:57.000,24770.85,75.0,24770.0,24771.7,75.0
2025-10-01,09:25:58.000,24767.65,75.0,24766.0,24769.3,75.0
2025-10-01,09:25:59.000,24767.25,75.0,24766.0,24768.5,75.0
2025-10-01,09:26:00.000,24767.25,75.0,24766.0,24768.5,75.0
2025-10-01,09:26:01.000,24766.95,75.0,24766.0,24767.9,75.0
2025-10-01,09:26:02.000,24766.95,75.0,24766.0,24767.9,75.0
2025-10-01,09:26:03.000,24767.4,75.0,24766.0,24768.8,75.0
2025-10-01,09:26:04.000,24767.45,75.0,24765.0,24769.9,225.0
2025-10-01,09:26:05.000,24767.45,75.0,24765.0,24769.9,225.0
2025-10-01,09:26:06.000,24766.8,75.0,24766.0,24767.6,600.0
2025-10-01,09:26:07.000,24766.8,75.0,24766.0,24767.6,600.0
2025-10-01,09:26:08.000,24765.65,150.0,24764.3,24767.0,675.0
2025-10-01,09:26:09.000,24765.3,150.0,24764.3,24766.3,150.0
2025-10-01,09:26:10.000,24765.3,150.0,24764.3,24766.3,150.0
2025-10-01,09:26:11.000,24765.3,150.0,24764.3,24766.3,225.0
2025-10-01,09:26:12.000,24765.3,150.0,24764.3,24766.3,225.0
2025-10-01,09:26:13.000,24764.5,75.0,24763.0,24766.0,150.0
2025-10-01,09:26:14.000,24762.55,150.0,24762.0,24763.1,150.0
2025-10-01,09:26:15.000,24762.55,150.0,24762.0,24763.1,150.0
2025-10-01,09:26:16.000,24761.45,75.0,24760.8,24762.1,75.0
2025-10-01,09:26:17.000,24761.45,75.0,24760.8,24762.1,75.0
2025-10-01,09:26:18.000,24762.25,75.0,24762.1,24762.4,525.0
2025-10-01,09:26:19.000,24761.3,75.0,24760.0,24762.6,75.0
2025-10-01,09:26:20.000,24761.3,75.0,24760.0,24762.6,75.0
2025-10-01,09:26:21.000,24764.25,750.0,24762.1,24766.4,75.0
2025-10-01,09:26:22.000,24764.25,750.0,24762.1,24766.4,75.0
2025-10-01,09:26:23.000,24765.4,150.0,24762.6,24768.2,150.0
2025-10-01,09:26:24.000,24764.7,225.0,24762.4,24767.0,75.0
2025-10-01,09:26:25.000,24764.7,225.0,24762.4,24767.0,75.0
2025-10-01,09:26:26.000,24765.9,150.0,24763.0,24768.8,75.0
2025-10-01,09:26:27.000,24765.9,150.0,24763.0,24768.8,75.0
2025-10-01,09:26:28.000,24768.15,150.0,24766.7,24769.6,225.0
2025-10-01,09:26:29.000,24767.45,600.0,24766.7,24768.2,150.0
2025-10-01,09:26:30.000,24767.45,600.0,24766.7,24768.2,150.0
2025-10-01,09:26:31.000,24766.0,150.0,24763.1,24768.9,75.0
2025-10-01,09:26:32.000,24766.0,150.0,24763.1,24768.9,75.0
2025-10-01,09:26:33.000,24766.2,450.0,24763.7,24768.7,75.0
2025-10-01,09:26:34.000,24765.25,75.0,24762.3,24768.2,150.0
2025-10-01,09:26:35.000,24765.25,75.0,24762.3,24768.2,150.0
2025-10-01,09:26:36.000,24765.7,75.0,24763.3,24768.1,75.0
2025-10-01,09:26:37.000,24768.25,375.0,24768.2,24768.3,75.0
2025-10-01,09:26:38.000,24768.25,375.0,24768.2,24768.3,75.0
2025-10-01,09:26:39.000,24768.35,75.0,24768.2,24768.5,75.0
2025-10-01,09:26:40.000,24768.35,75.0,24768.2,24768.5,75.0
2025-10-01,09:26:41.000,24768.5,75.0,24768.2,24768.8,75.0
2025-10-01,09:26:42.000,24770.85,75.0,24770.0,24771.7,75.0
2025-10-01,09:26:43.000,24770.85,75.0,24770.0,24771.7,75.0
2025-10-01,09:26:44.000,24771.0,75.0,24770.0,24772.0,75.0
2025-10-01,09:26:45.000,24771.0,75.0,24770.0,24772.0,75.0
2025-10-01,09:26:46.000,24770.5,150.0,24770.0,24771.0,375.0
2025-10-01,09:26:47.000,24770.2,75.0,24770.0,24770.4,150.0
2025-10-01,09:26:48.000,24770.2,75.0,24770.0,24770.4,150.0
2025-10-01,09:26:49.000,24770.55,75.0,24770.0,24771.1,75.0
2025-10-01,09:26:50.000,24770.55,75.0,24770.0,24771.1,75.0
2025-10-01,09:26:51.000,24771.4,75.0,24770.0,24772.8,150.0
2025-10-01,09:26:52.000,24772.2,75.0,24772.0,24772.4,75.0
2025-10-01,09:26:53.000,24772.2,75.0,24772.0,24772.4,75.0
2025-10-01,09:26:54.000,24772.1,75.0,24772.0,24772.2,375.0
2025-10-01,09:26:55.000,24772.1,75.0,24772.0,24772.2,375.0
2025-10-01,09:26:56.000,24772.55,300.0,24772.4,24772.7,225.0
2025-10-01,09:26:57.000,24771.0,300.0,24770.0,24772.0,225.0
2025-10-01,09:26:58.000,24771.0,300.0,24770.0,24772.0,225.0
2025-10-01,09:26:59.000,24770.85,375.0,24770.0,24771.7,75.0
2025-10-01,09:27:00.000,24770.85,375.0,24770.0,24771.7,75.0
2025-10-01,09:27:01.000,24772.7,75.0,24772.4,24773.0,75.0
2025-10-01,09:27:02.000,24772.8,150.0,24772.4,24773.2,225.0
2025-10-01,09:27:03.000,24772.8,150.0,24772.4,24773.2,225.0
2025-10-01,09:27:04.000,24770.6,75.0,24770.0,24771.2,75.0
2025-10-01,09:27:05.000,24770.6,75.0,24770.0,24771.2,75.0
2025-10-01,09:27:06.000,24770.1,150.0,24769.0,24771.2,225.0
2025-10-01,09:27:07.000,24769.85,150.0,24769.0,24770.7,525.0
2025-10-01,09:27:08.000,24769.85,150.0,24769.0,24770.7,525.0
2025-10-01,09:27:09.000,24771.4,300.0,24770.5,24772.3,75.0
2025-10-01,09:27:10.000,24771.4,300.0,24770.5,24772.3,75.0
2025-10-01,09:27:11.000,24771.2,300.0,24770.5,24771.9,375.0
2025-10-01,09:27:12.000,24772.2,225.0,24771.9,24772.5,75.0
2025-10-01,09:27:13.000,24772.2,225.0,24771.9,24772.5,75.0
2025-10-01,09:27:14.000,24772.15,75.0,24771.9,24772.4,75.0
2025-10-01,09:27:15.000,24772.15,75.0,24771.9,24772.4,75.0
2025-10-01,09:27:16.000,24771.0,225.0,24770.5,24771.5,75.0
2025-10-01,09:27:17.000,24772.15,75.0,24771.0,24773.3,75.0
2025-10-01,09:27:18.000,24772.15,75.0,24771.0,24773.3,75.0
2025-10-01,09:27:19.000,24771.25,75.0,24771.0,24771.5,525.0
2025-10-01,09:27:20.000,24771.25,75.0,24771.0,24771.5,525.0
2025-10-01,09:27:21.000,24771.3,150.0,24771.0,24771.6,75.0
2025-10-01,09:27:22.000,24771.15,75.0,24771.0,24771.3,75.0
2025-10-01,09:27:23.000,24771.15,75.0,24771.0,24771.3,75.0
2025-10-01,09:27:24.000,24770.1,75.0,24769.0,24771.2,75.0
2025-10-01,09:27:25.000,24770.1,75.0,24769.0,24771.2,75.0
2025-10-01,09:27:26.000,24766.7,150.0,24764.1,24769.3,300.0
2025-10-01,09:27:27.000,24770.75,525.0,24770.0,24771.5,75.0
2025-10-01,09:27:28.000,24770.75,525.0,24770.0,24771.5,75.0
2025-10-01,09:27:29.000,24770.85,750.0,24770.0,24771.7,75.0
2025-10-01,09:27:30.000,24770.85,750.0,24770.0,24771.7,75.0
2025-10-01,09:27:31.000,24772.75,150.0,24771.7,24773.8,75.0
2025-10-01,09:27:32.000,24773.5,225.0,24772.4,24774.6,75.0
2025-10-01,09:27:33.000,24773.5,225.0,24772.4,24774.6,75.0
2025-10-01,09:27:34.000,24773.25,300.0,24771.5,24775.0,2100.0
2025-10-01,09:27:35.000,24773.25,300.0,24771.5,24775.0,2100.0
2025-10-01,09:27:36.000,24773.2,75.0,24771.6,24774.8,75.0
2025-10-01,09:27:37.000,24773.9,75.0,24773.3,24774.5,525.0
2025-10-01,09:27:38.000,24773.9,75.0,24773.3,24774.5,525.0
2025-10-01,09:27:39.000,24772.4,300.0,24771.5,24773.3,375.0
2025-10-01,09:27:40.000,24772.4,300.0,24771.5,24773.3,375.0
2025-10-01,09:27:41.000,24772.4,225.0,24771.5,24773.3,300.0
2025-10-01,09:27:42.000,24772.0,225.0,24771.5,24772.5,300.0
2025-10-01,09:27:43.000,24772.0,225.0,24771.5,24772.5,300.0
2025-10-01,09:27:44.000,24772.4,225.0,24771.5,24773.3,300.0
2025-10-01,09:27:45.000,24772.4,225.0,24771.5,24773.3,300.0
2025-10-01,09:27:46.000,24772.65,900.0,24772.5,24772.8,75.0
2025-10-01,09:27:47.000,24772.65,900.0,24772.5,24772.8,75.0
2025-10-01,09:27:48.000,24772.25,150.0,24771.5,24773.0,75.0
2025-10-01,09:27:49.000,24772.2,150.0,24771.5,24772.9,450.0
2025-10-01,09:27:50.000,24772.2,150.0,24771.5,24772.9,450.0
2025-10-01,09:27:51.000,24772.2,75.0,24771.5,24772.9,375.0
2025-10-01,09:27:52.000,24772.2,75.0,24771.5,24772.9,375.0
2025-10-01,09:27:53.000,24772.2,75.0,24771.5,24772.9,225.0
2025-10-01,09:27:54.000,24772.15,75.0,24771.5,24772.8,225.0
2025-10-01,09:27:55.000,24772.15,75.0,24771.5,24772.8,225.0
2025-10-01,09:27:56.000,24772.35,75.0,24772.0,24772.7,525.0
2025-10-01,09:27:57.000,24772.35,75.0,24772.0,24772.7,525.0
2025-10-01,09:27:58.000,24771.4,375.0,24771.0,24771.8,75.0
2025-10-01,09:27:59.000,24771.4,375.0,24771.0,24771.8,75.0
2025-10-01,09:28:00.000,24771.4,375.0,24771.0,24771.8,75.0
2025-10-01,09:28:01.000,24772.35,150.0,24771.8,24772.9,300.0
2025-10-01,09:28:02.000,24772.35,150.0,24771.8,24772.9,300.0
2025-10-01,09:28:03.000,24771.95,675.0,24771.0,24772.9,75.0
2025-10-01,09:28:04.000,24771.95,375.0,24771.0,24772.9,75.0
2025-10-01,09:28:05.000,24771.95,375.0,24771.0,24772.9,75.0
2025-10-01,09:28:06.000,24772.0,375.0,24771.0,24773.0,75.0
2025-10-01,09:28:07.000,24772.0,375.0,24771.0,24773.0,75.0
2025-10-01,09:28:08.000,24772.55,75.0,24771.1,24774.0,75.0
2025-10-01,09:28:09.000,24773.0,75.0,24772.0,24774.0,75.0
2025-10-01,09:28:10.000,24773.0,75.0,24772.0,24774.0,75.0
2025-10-01,09:28:11.000,24772.6,150.0,24771.2,24774.0,75.0
2025-10-01,09:28:12.000,24772.6,150.0,24771.2,24774.0,75.0
2025-10-01,09:28:13.000,24774.5,75.0,24774.0,24775.0,825.0
2025-10-01,09:28:14.000,24773.65,75.0,24772.3,24775.0,600.0
2025-10-01,09:28:15.000,24773.65,75.0,24772.3,24775.0,600.0
2025-10-01,09:28:16.000,24773.55,75.0,24772.3,24774.8,75.0
2025-10-01,09:28:17.000,24773.55,75.0,24772.3,24774.8,75.0
2025-10-01,09:28:18.000,24773.5,525.0,24771.0,24776.0,150.0
2025-10-01,09:28:19.000,24773.25,75.0,24771.5,24775.0,525.0
2025-10-01,09:28:20.000,24773.25,75.0,24771.5,24775.0,525.0
2025-10-01,09:28:21.000,24772.95,75.0,24772.0,24773.9,375.0
2025-10-01,09:28:22.000,24772.95,75.0,24772.0,24773.9,375.0
2025-10-01,09:28:23.000,24773.0,75.0,24771.5,24774.5,75.0
2025-10-01,09:28:24.000,24774.0,750.0,24772.0,24776.0,150.0
2025-10-01,09:28:25.000,24774.0,750.0,24772.0,24776.0,150.0
2025-10-01,09:28:26.000,24775.5,75.0,24774.5,24776.5,75.0
2025-10-01,09:28:27.000,24775.5,75.0,24774.5,24776.5,75.0
2025-10-01,09:28:28.000,24775.75,75.0,24774.5,24777.0,450.0
2025-10-01,09:28:29.000,24776.2,75.0,24775.4,24777.0,300.0
2025-10-01,09:28:30.000,24776.2,75.0,24775.4,24777.0,300.0
2025-10-01,09:28:31.000,24776.0,225.0,24775.0,24777.0,75.0
2025-10-01,09:28:32.000,24776.0,225.0,24775.0,24777.0,75.0
2025-10-01,09:28:33.000,24776.45,675.0,24775.0,24777.9,150.0
2025-10-01,09:28:34.000,24776.45,300.0,24775.0,24777.9,150.0
2025-10-01,09:28:35.000,24776.45,300.0,24775.0,24777.9,150.0
2025-10-01,09:28:36.000,24776.45,450.0,24775.0,24777.9,75.0
2025-10-01,09:28:37.000,24776.55,225.0,24775.1,24778.0,225.0
2025-10-01,09:28:38.000,24776.55,225.0,24775.1,24778.0,225.0
2025-10-01,09:28:39.000,24776.7,150.0,24775.1,24778.3,75.0
2025-10-01,09:28:40.000,24776.7,150.0,24775.1,24778.3,75.0
2025-10-01,09:28:41.000,24777.05,150.0,24776.0,24778.1,75.0
2025-10-01,09:28:42.000,24777.1,225.0,24776.0,24778.2,375.0
2025-10-01,09:28:43.000,24777.1,225.0,24776.0,24778.2,375.0
2025-10-01,09:28:44.000,24777.4,225.0,24776.0,24778.8,225.0
2025-10-01,09:28:45.000,24777.4,225.0,24776.0,24778.8,225.0
2025-10-01,09:28:46.000,24777.25,150.0,24776.0,24778.5,225.0
2025-10-01,09:28:47.000,24777.4,150.0,24776.0,24778.8,75.0
2025-10-01,09:28:48.000,24777.4,150.0,24776.0,24778.8,75.0
2025-10-01,09:28:49.000,24777.6,75.0,24777.0,24778.2,75.0
2025-10-01,09:28:50.000,24777.6,75.0,24777.0,24778.2,75.0
2025-10-01,09:28:51.000,24777.5,225.0,24777.0,24778.0,75.0
2025-10-01,09:28:52.000,24776.55,75.0,24776.0,24777.1,75.0
2025-10-01,09:28:53.000,24776.55,75.0,24776.0,24777.1,75.0
2025-10-01,09:28:54.000,24777.05,75.0,24776.2,24777.9,75.0
2025-10-01,09:28:55.000,24777.05,75.0,24776.2,24777.9,75.0
2025-10-01,09:28:56.000,24777.0,75.0,24776.0,24778.0,75.0
2025-10-01,09:28:57.000,24776.85,75.0,24776.2,24777.5,75.0
2025-10-01,09:28:58.000,24776.85,75.0,24776.2,24777.5,75.0
2025-10-01,09:28:59.000,24777.05,75.0,24776.2,24777.9,75.0
2025-10-01,09:29:00.000,24777.05,75.0,24776.2,24777.9,75.0
2025-10-01,09:29:01.000,24775.6,1050.0,24775.0,24776.2,150.0
2025-10-01,09:29:02.000,24776.05,750.0,24775.2,24776.9,225.0
2025-10-01,09:29:03.000,24776.05,750.0,24775.2,24776.9,225.0
2025-10-01,09:29:04.000,24775.9,600.0,24775.2,24776.6,75.0
2025-10-01,09:29:05.000,24775.9,600.0,24775.2,24776.6,75.0
2025-10-01,09:29:06.000,24776.5,450.0,24776.0,24777.0,75.0
2025-10-01,09:29:07.000,24776.45,75.0,24776.1,24776.8,300.0
2025-10-01,09:29:08.000,24776.45,75.0,24776.1,24776.8,300.0
2025-10-01,09:29:09.000,24776.75,375.0,24776.0,24777.5,75.0
2025-10-01,09:29:10.000,24776.75,375.0,24776.0,24777.5,75.0
2025-10-01,09:29:11.000,24775.65,300.0,24775.2,24776.1,75.0
2025-10-01,09:29:12.000,24775.65,300.0,24775.2,24776.1,75.0
2025-10-01,09:29:13.000,24775.65,300.0,24775.2,24776.1,75.0
2025-10-01,09:29:14.000,24776.1,300.0,24775.2,24777.0,75.0
2025-10-01,09:29:15.000,24776.1,300.0,24775.2,24777.0,75.0
2025-10-01,09:29:16.000,24776.0,1125.0,24775.0,24777.0,75.0
2025-10-01,09:29:17.000,24773.9,1200.0,24772.0,24775.8,75.0
2025-10-01,09:29:18.000,24773.9,1200.0,24772.0,24775.8,75.0
2025-10-01,09:29:19.000,24775.65,375.0,24775.0,24776.3,225.0
2025-10-01,09:29:20.000,24775.65,375.0,24775.0,24776.3,225.0
2025-10-01,09:29:21.000,24775.5,375.0,24775.0,24776.0,300.0
2025-10-01,09:29:22.000,24777.9,525.0,24776.3,24779.5,150.0
2025-10-01,09:29:23.000,24777.9,525.0,24776.3,24779.5,150.0
2025-10-01,09:29:24.000,24777.65,75.0,24776.3,24779.0,525.0
2025-10-01,09:29:25.000,24777.65,75.0,24776.3,24779.0,525.0
2025-10-01,09:29:26.000,24778.15,75.0,24776.3,24780.0,6000.0
2025-10-01,09:29:27.000,24778.15,75.0,24776.3,24780.0,5550.0
2025-10-01,09:29:28.000,24778.15,75.0,24776.3,24780.0,5550.0
2025-10-01,09:29:29.000,24777.85,75.0,24776.3,24779.4,75.0
2025-10-01,09:29:30.000,24777.85,75.0,24776.3,24779.4,75.0
2025-10-01,09:29:31.000,24775.65,900.0,24775.0,24776.3,150.0
2025-10-01,09:29:32.000,24777.55,450.0,24775.1,24780.0,5475.0
2025-10-01,09:29:33.000,24777.55,450.0,24775.1,24780.0,5475.0
2025-10-01,09:29:34.000,24778.45,75.0,24777.0,24779.9,525.0
2025-10-01,09:29:35.000,24778.45,75.0,24777.0,24779.9,525.0
2025-10-01,09:29:36.000,24778.4,75.0,24777.0,24779.8,75.0
2025-10-01,09:29:37.000,24777.6,450.0,24775.2,24780.0,4500.0
2025-10-01,09:29:38.000,24777.6,450.0,24775.2,24780.0,4500.0
2025-10-01,09:29:39.000,24778.25,150.0,24776.5,24780.0,4275.0
2025-10-01,09:29:40.000,24778.25,150.0,24776.5,24780.0,4275.0
2025-10-01,09:29:41.000,24778.9,75.0,24777.8,24780.0,3975.0
2025-10-01,09:29:42.000,24777.9,150.0,24775.8,24780.0,3975.0
2025-10-01,09:29:43.000,24777.9,150.0,24775.8,24780.0,3975.0
2025-10-01,09:29:44.000,24778.1,150.0,24776.2,24780.0,3375.0
2025-10-01,09:29:45.000,24778.1,150.0,24776.2,24780.0,3375.0
2025-10-01,09:29:46.000,24778.45,75.0,24777.9,24779.0,150.0
2025-10-01,09:29:47.000,24778.5,75.0,24778.0,24779.0,150.0
2025-10-01,09:29:48.000,24778.5,75.0,24778.0,24779.0,150.0
2025-10-01,09:29:49.000,24778.45,75.0,24777.9,24779.0,150.0
2025-10-01,09:29:50.000,24778.45,75.0,24777.9,24779.0,150.0
2025-10-01,09:29:51.000,24777.05,75.0,24775.1,24779.0,750.0
2025-10-01,09:29:52.000,24777.85,75.0,24775.1,24780.6,75.0
2025-10-01,09:29:53.000,24777.85,75.0,24775.1,24780.6,75.0
2025-10-01,09:29:54.000,24778.4,150.0,24775.8,24781.0,300.0
2025-10-01,09:29:55.000,24778.4,150.0,24775.8,24781.0,300.0
2025-10-01,09:29:56.000,24779.5,600.0,24778.0,24781.0,150.0
2025-10-01,09:29:57.000,24779.5,825.0,24778.0,24781.0,150.0
2025-10-01,09:29:58.000,24779.5,825.0,24778.0,24781.0,150.0
2025-10-01,09:29:59.000,24779.5,825.0,24778.0,24781.0,150.0
2025-10-01,09:30:00.000,24779.5,825.0,24778.0,24781.0,150.0
2025-10-01,09:30:01.000,24778.5,75.0,24776.0,24781.0,150.0
2025-10-01,09:30:02.000,24782.1,300.0,24782.0,24782.2,75.0
2025-10-01,09:30:03.000,24782.1,300.0,24782.0,24782.2,75.0
2025-10-01,09:30:04.000,24782.6,150.0,24782.2,24783.0,75.0
2025-10-01,09:30:05.000,24782.8,1200.0,24782.6,24783.0,75.0
2025-10-01,09:30:06.000,24782.8,1200.0,24782.6,24783.0,75.0
2025-10-01,09:30:07.000,24783.0,1050.0,24782.6,24783.4,75.0
2025-10-01,09:30:08.000,24783.0,1050.0,24782.6,24783.4,75.0
2025-10-01,09:30:09.000,24783.25,900.0,24782.6,24783.9,75.0
2025-10-01,09:30:10.000,24783.05,675.0,24782.6,24783.5,750.0
2025-10-01,09:30:11.000,24783.05,675.0,24782.6,24783.5,750.0
2025-10-01,09:30:12.000,24782.0,75.0,24781.0,24783.0,675.0
2025-10-01,09:30:13.000,24782.0,75.0,24781.0,24783.0,675.0
2025-10-01,09:30:14.000,24781.85,75.0,24781.0,24782.7,300.0
2025-10-01,09:30:15.000,24781.5,150.0,24780.0,24783.0,75.0
2025-10-01,09:30:16.000,24781.5,150.0,24780.0,24783.0,75.0
2025-10-01,09:30:17.000,24783.2,75.0,24782.5,24783.9,75.0
2025-10-01,09:30:18.000,24783.2,75.0,24782.5,24783.9,75.0
2025-10-01,09:30:19.000,24783.3,225.0,24782.7,24783.9,75.0
2025-10-01,09:30:20.000,24780.95,600.0,24778.5,24783.4,525.0
2025-10-01,09:30:21.000,24780.95,600.0,24778.5,24783.4,525.0
2025-10-01,09:30:22.000,24781.2,150.0,24779.0,24783.4,375.0
2025-10-01,09:30:23.000,24781.2,150.0,24779.0,24783.4,375.0
2025-10-01,09:30:24.000,24781.5,75.0,24780.0,24783.0,225.0
2025-10-01,09:30:25.000,24781.4,75.0,24780.0,24782.8,225.0
2025-10-01,09:30:26.000,24781.4,75.0,24780.0,24782.8,225.0
2025-10-01,09:30:27.000,24781.5,75.0,24780.0,24783.0,75.0
2025-10-01,09:30:28.000,24781.5,75.0,24780.0,24783.0,75.0
2025-10-01,09:30:29.000,24780.15,900.0,24778.0,24782.3,75.0
2025-10-01,09:30:30.000,24781.75,750.0,24780.0,24783.5,75.0
2025-10-01,09:30:31.000,24781.75,750.0,24780.0,24783.5,75.0
2025-10-01,09:30:32.000,24781.95,225.0,24780.0,24783.9,150.0
2025-10-01,09:30:33.000,24781.95,225.0,24780.0,24783.9,150.0
2025-10-01,09:30:34.000,24781.8,300.0,24780.0,24783.6,75.0
2025-10-01,09:30:35.000,24781.7,450.0,24780.0,24783.4,375.0
2025-10-01,09:30:36.000,24781.7,450.0,24780.0,24783.4,375.0
2025-10-01,09:30:37.000,24783.45,375.0,24782.3,24784.6,75.0
2025-10-01,09:30:38.000,24783.45,375.0,24782.3,24784.6,75.0
2025-10-01,09:30:39.000,24784.95,1200.0,24783.6,24786.3,75.0
2025-10-01,09:30:40.000,24785.2,825.0,24783.6,24786.8,225.0
2025-10-01,09:30:41.000,24785.2,825.0,24783.6,24786.8,225.0
2025-10-01,09:30:42.000,24788.5,9975.0,24788.0,24789.0,375.0
2025-10-01,09:30:43.000,24788.5,9975.0,24788.0,24789.0,375.0
2025-10-01,09:30:44.000,24788.15,9375.0,24788.0,24788.3,225.0
2025-10-01,09:30:45.000,24788.25,1350.0,24788.0,24788.5,450.0
2025-10-01,09:30:46.000,24788.25,1350.0,24788.0,24788.5,450.0
2025-10-01,09:30:47.000,24788.15,225.0,24788.1,24788.2,225.0
2025-10-01,09:30:48.000,24788.15,225.0,24788.1,24788.2,225.0
2025-10-01,09:30:49.000,24789.05,450.0,24788.2,24789.9,1950.0
2025-10-01,09:30:50.000,24789.0,450.0,24788.2,24789.8,225.0
2025-10-01,09:30:51.000,24789.0,450.0,24788.2,24789.8,225.0
2025-10-01,09:30:52.000,24788.05,375.0,24788.0,24788.1,75.0
2025-10-01,09:30:53.000,24788.05,375.0,24788.0,24788.1,75.0
2025-10-01,09:30:54.000,24788.85,300.0,24788.0,24789.7,375.0
2025-10-01,09:30:55.000,24788.9,150.0,24788.1,24789.7,225.0
2025-10-01,09:30:56.000,24788.9,150.0,24788.1,24789.7,225.0
2025-10-01,09:30:57.000,24788.05,375.0,24788.0,24788.1,900.0
2025-10-01,09:30:58.000,24788.05,375.0,24788.0,24788.1,900.0
2025-10-01,09:30:59.000,24788.7,300.0,24788.0,24789.4,300.0
2025-10-01,09:31:00.000,24788.8,375.0,24788.1,24789.5,300.0
2025-10-01,09:31:01.000,24788.8,375.0,24788.1,24789.5,300.0
2025-10-01,09:31:02.000,24788.05,150.0,24788.0,24788.1,150.0
2025-10-01,09:31:03.000,24788.05,150.0,24788.0,24788.1,150.0
2025-10-01,09:31:04.000,24789.3,375.0,24788.7,24789.9,1350.0
2025-10-01,09:31:05.000,24789.3,300.0,24788.7,24789.9,525.0
2025-10-01,09:31:06.000,24789.3,300.0,24788.7,24789.9,525.0
2025-10-01,09:31:07.000,24789.3,225.0,24788.7,24789.9,150.0
2025-10-01,09:31:08.000,24789.3,225.0,24788.7,24789.9,150.0
2025-10-01,09:31:09.000,24789.3,225.0,24788.7,24789.9,225.0
2025-10-01,09:31:10.000,24786.25,150.0,24784.0,24788.5,225.0
2025-10-01,09:31:11.000,24786.25,150.0,24784.0,24788.5,225.0
2025-10-01,09:31:12.000,24786.0,75.0,24784.0,24788.0,825.0
2025-10-01,09:31:13.000,24786.0,75.0,24784.0,24788.0,825.0
2025-10-01,09:31:14.000,24786.25,750.0,24784.5,24788.0,825.0
2025-10-01,09:31:15.000,24786.45,750.0,24784.9,24788.0,600.0
2025-10-01,09:31:16.000,24786.45,750.0,24784.9,24788.0,600.0
2025-10-01,09:31:17.000,24785.95,450.0,24783.2,24788.7,150.0
2025-10-01,09:31:18.000,24785.95,450.0,24783.2,24788.7,150.0
2025-10-01,09:31:19.000,24786.4,1050.0,24784.1,24788.7,150.0
2025-10-01,09:31:20.000,24788.35,75.0,24788.0,24788.7,150.0
2025-10-01,09:31:21.000,24788.35,75.0,24788.0,24788.7,150.0
2025-10-01,09:31:22.000,24786.8,675.0,24785.0,24788.6,75.0
2025-10-01,09:31:23.000,24786.8,675.0,24785.0,24788.6,75.0
2025-10-01,09:31:24.000,24788.85,75.0,24787.7,24790.0,2550.0
2025-10-01,09:31:25.000,24789.0,150.0,24788.0,24790.0,2475.0
2025-10-01,09:31:26.000,24789.0,150.0,24788.0,24790.0,2475.0
2025-10-01,09:31:27.000,24787.55,450.0,24785.1,24790.0,2325.0
2025-10-01,09:31:28.000,24787.55,450.0,24785.1,24790.0,2325.0
2025-10-01,09:31:29.000,24788.7,75.0,24788.0,24789.4,150.0
2025-10-01,09:31:30.000,24783.4,525.0,24781.8,24785.0,600.0
2025-10-01,09:31:31.000,24783.4,525.0,24781.8,24785.0,600.0
2025-10-01,09:31:32.000,24783.4,450.0,24781.8,24785.0,600.0
2025-10-01,09:31:33.000,24783.95,750.0,24782.9,24785.0,600.0
2025-10-01,09:31:34.000,24783.95,750.0,24782.9,24785.0,600.0
2025-10-01,09:31:35.000,24783.25,750.0,24781.5,24785.0,450.0
2025-10-01,09:31:36.000,24783.25,750.0,24781.5,24785.0,450.0
2025-10-01,09:31:37.000,24784.0,1050.0,24783.0,24785.0,375.0
2025-10-01,09:31:38.000,24786.2,1275.0,24783.4,24789.0,75.0
2025-10-01,09:31:39.000,24786.2,1275.0,24783.4,24789.0,75.0
2025-10-01,09:31:40.000,24784.25,1200.0,24783.5,24785.0,75.0
2025-10-01,09:31:41.000,24784.25,1200.0,24783.5,24785.0,75.0
2025-10-01,09:31:42.000,24786.4,450.0,24783.8,24789.0,75.0
2025-10-01,09:31:43.000,24787.0,750.0,24785.0,24789.0,75.0
2025-10-01,09:31:44.000,24787.0,750.0,24785.0,24789.0,75.0
2025-10-01,09:31:45.000,24789.85,750.0,24789.8,24789.9,300.0
2025-10-01,09:31:46.000,24789.85,750.0,24789.8,24789.9,300.0
2025-10-01,09:31:47.000,24787.2,75.0,24785.0,24789.4,600.0
2025-10-01,09:31:48.000,24783.8,1200.0,24782.6,24785.0,225.0
2025-10-01,09:31:49.000,24783.8,1200.0,24782.6,24785.0,225.0
2025-10-01,09:31:50.000,24784.1,1050.0,24783.2,24785.0,75.0
2025-10-01,09:31:51.000,24784.1,1050.0,24783.2,24785.0,75.0
2025-10-01,09:31:52.000,24786.05,750.0,24785.1,24787.0,75.0
2025-10-01,09:31:53.000,24786.05,750.0,24785.1,24787.0,75.0
2025-10-01,09:31:54.000,24785.55,1050.0,24785.1,24786.0,75.0
2025-10-01,09:31:55.000,24786.05,750.0,24785.1,24787.0,75.0
2025-10-01,09:31:56.000,24786.05,750.0,24785.1,24787.0,75.0
2025-10-01,09:31:57.000,24784.3,75.0,24781.2,24787.4,75.0
2025-10-01,09:31:58.000,24784.3,75.0,24781.2,24787.4,75.0
2025-10-01,09:31:59.000,24783.0,75.0,24781.0,24785.0,225.0
2025-10-01,09:32:00.000,24782.8,75.0,24781.0,24784.6,75.0
2025-10-01,09:32:01.000,24782.8,75.0,24781.0,24784.6,75.0
2025-10-01,09:32:02.000,24782.75,75.0,24780.6,24784.9,375.0
2025-10-01,09:32:03.000,24783.1,675.0,24781.3,24784.9,375.0
2025-10-01,09:32:04.000,24783.1,675.0,24781.3,24784.9,375.0
2025-10-01,09:32:05.000,24783.2,825.0,24781.5,24784.9,375.0
2025-10-01,09:32:06.000,24783.2,825.0,24781.5,24784.9,375.0
2025-10-01,09:32:07.000,24783.25,675.0,24781.6,24784.9,150.0
2025-10-01,09:32:08.000,24783.95,75.0,24783.0,24784.9,75.0
2025-10-01,09:32:09.000,24783.95,75.0,24783.0,24784.9,75.0
2025-10-01,09:32:10.000,24783.2,75.0,24781.0,24785.4,375.0
2025-10-01,09:32:11.000,24783.2,75.0,24781.0,24785.4,375.0
2025-10-01,09:32:12.000,24783.45,75.0,24782.0,24784.9,75.0
2025-10-01,09:32:13.000,24783.0,75.0,24782.0,24784.0,150.0
2025-10-01,09:32:14.000,24783.0,75.0,24782.0,24784.0,150.0
2025-10-01,09:32:15.000,24783.0,75.0,24782.0,24784.0,150.0
2025-10-01,09:32:16.000,24783.0,75.0,24782.0,24784.0,150.0
2025-10-01,09:32:17.000,24783.9,75.0,24783.8,24784.0,150.0
2025-10-01,09:32:18.000,24784.7,75.0,24783.8,24785.6,75.0
2025-10-01,09:32:19.000,24784.7,75.0,24783.8,24785.6,75.0
2025-10-01,09:32:20.000,24784.65,75.0,24783.8,24785.5,300.0
2025-10-01,09:32:21.000,24784.65,75.0,24783.8,24785.5,300.0
2025-10-01,09:32:22.000,24784.4,75.0,24783.8,24785.0,150.0
2025-10-01,09:32:23.000,24784.6,75.0,24783.8,24785.4,225.0
2025-10-01,09:32:24.000,24784.6,75.0,24783.8,24785.4,225.0
2025-10-01,09:32:25.000,24784.45,75.0,24784.1,24784.8,150.0
2025-10-01,09:32:26.000,24784.45,75.0,24784.1,24784.8,150.0
2025-10-01,09:32:27.000,24782.6,75.0,24781.0,24784.2,75.0
2025-10-01,09:32:28.000,24783.0,75.0,24781.0,24785.0,375.0
2025-10-01,09:32:29.000,24783.0,75.0,24781.0,24785.0,375.0
2025-10-01,09:32:30.000,24782.5,150.0,24780.5,24784.5,75.0
2025-10-01,09:32:31.000,24782.5,150.0,24780.5,24784.5,75.0
2025-10-01,09:32:32.000,24782.0,2100.0,24780.0,24784.0,300.0
2025-10-01,09:32:33.000,24782.5,2100.0,24780.0,24785.0,375.0
2025-10-01,09:32:34.000,24782.5,2100.0,24780.0,24785.0,375.0
2025-10-01,09:32:35.000,24782.65,750.0,24780.3,24785.0,75.0
2025-10-01,09:32:36.000,24782.65,750.0,24780.3,24785.0,75.0
2025-10-01,09:32:37.000,24782.25,2775.0,24780.0,24784.5,150.0
2025-10-01,09:32:38.000,24782.3,75.0,24780.5,24784.1,150.0
2025-10-01,09:32:39.000,24782.3,75.0,24780.5,24784.1,150.0
2025-10-01,09:32:40.000,24782.05,75.0,24780.5,24783.6,300.0
2025-10-01,09:32:41.000,24782.05,75.0,24780.5,24783.6,300.0
2025-10-01,09:32:42.000,24782.3,2775.0,24780.0,24784.6,75.0
2025-10-01,09:32:43.000,24781.75,2775.0,24780.0,24783.5,525.0
2025-10-01,09:32:44.000,24781.75,2775.0,24780.0,24783.5,525.0
2025-10-01,09:32:45.000,24781.75,2775.0,24780.0,24783.5,525.0
2025-10-01,09:32:46.000,24782.0,3300.0,24780.0,24784.0,75.0
2025-10-01,09:32:47.000,24782.0,3300.0,24780.0,24784.0,75.0
2025-10-01,09:32:48.000,24782.05,2475.0,24780.0,24784.1,150.0
2025-10-01,09:32:49.000,24782.05,2475.0,24780.0,24784.1,150.0
2025-10-01,09:32:50.000,24782.25,2475.0,24780.0,24784.5,150.0
2025-10-01,09:32:51.000,24781.95,2475.0,24780.0,24783.9,225.0
2025-10-01,09:32:52.000,24781.95,2475.0,24780.0,24783.9,225.0
2025-10-01,09:32:53.000,24781.0,2400.0,24780.0,24782.0,75.0
2025-10-01,09:32:54.000,24781.0,2400.0,24780.0,24782.0,75.0
2025-10-01,09:32:55.000,24780.7,2400.0,24780.0,24781.4,75.0
2025-10-01,09:32:56.000,24781.15,2400.0,24780.0,24782.3,75.0
2025-10-01,09:32:57.000,24781.15,2400.0,24780.0,24782.3,75.0
2025-10-01,09:32:58.000,24781.35,2475.0,24780.0,24782.7,75.0
2025-10-01,09:32:59.000,24781.35,2475.0,24780.0,24782.7,75.0
2025-10-01,09:33:00.000,24782.0,3075.0,24780.0,24784.0,150.0
2025-10-01,09:33:01.000,24782.75,75.0,24780.7,24784.8,450.0
2025-10-01,09:33:02.000,24782.75,75.0,24780.7,24784.8,450.0
2025-10-01,09:33:03.000,24783.2,75.0,24781.6,24784.8,450.0
2025-10-01,09:33:04.000,24783.2,75.0,24781.6,24784.8,450.0
2025-10-01,09:33:05.000,24782.85,75.0,24780.9,24784.8,450.0
2025-10-01,09:33:06.000,24782.85,75.0,24780.9,24784.8,450.0
2025-10-01,09:33:07.000,24782.85,75.0,24780.9,24784.8,450.0
2025-10-01,09:33:08.000,24782.85,150.0,24780.9,24784.8,225.0
2025-10-01,09:33:09.000,24782.85,150.0,24780.9,24784.8,225.0
2025-10-01,09:33:10.000,24783.8,75.0,24782.6,24785.0,600.0
2025-10-01,09:33:11.000,24784.3,450.0,24783.6,24785.0,525.0
2025-10-01,09:33:12.000,24784.3,450.0,24783.6,24785.0,525.0
2025-10-01,09:33:13.000,24783.8,150.0,24782.6,24785.0,375.0
2025-10-01,09:33:14.000,24783.8,150.0,24782.6,24785.0,375.0
2025-10-01,09:33:15.000,24784.75,75.0,24784.0,24785.5,75.0
2025-10-01,09:33:16.000,24784.85,450.0,24782.1,24787.6,75.0
2025-10-01,09:33:17.000,24784.85,450.0,24782.1,24787.6,75.0
2025-10-01,09:33:18.000,24784.75,150.0,24782.0,24787.5,75.0
2025-10-01,09:33:19.000,24784.75,150.0,24782.0,24787.5,75.0
2025-10-01,09:33:20.000,24784.8,1050.0,24782.3,24787.3,75.0
2025-10-01,09:33:21.000,24784.25,300.0,24783.5,24785.0,75.0
2025-10-01,09:33:22.000,24784.25,300.0,24783.5,24785.0,75.0
2025-10-01,09:33:23.000,24785.65,750.0,24783.3,24788.0,150.0
2025-10-01,09:33:24.000,24785.65,750.0,24783.3,24788.0,150.0
2025-10-01,09:33:25.000,24785.55,750.0,24783.1,24788.0,150.0
2025-10-01,09:33:26.000,24786.35,750.0,24784.7,24788.0,75.0
2025-10-01,09:33:27.000,24786.35,750.0,24784.7,24788.0,75.0
2025-10-01,09:33:28.000,24786.65,750.0,24785.3,24788.0,75.0
2025-10-01,09:33:29.000,24786.65,750.0,24785.3,24788.0,75.0
2025-10-01,09:33:30.000,24787.1,750.0,24785.2,24789.0,450.0
2025-10-01,09:33:31.000,24787.6,150.0,24786.2,24789.0,450.0
2025-10-01,09:33:32.000,24787.6,150.0,24786.2,24789.0,450.0
2025-10-01,09:33:33.000,24787.5,150.0,24786.0,24789.0,450.0
2025-10-01,09:33:34.000,24787.5,150.0,24786.0,24789.0,450.0
2025-10-01,09:33:35.000,24787.0,225.0,24785.0,24789.0,450.0
2025-10-01,09:33:36.000,24787.1,150.0,24785.2,24789.0,375.0
2025-10-01,09:33:37.000,24787.1,150.0,24785.2,24789.0,375.0
2025-10-01,09:33:38.000,24787.55,150.0,24786.1,24789.0,225.0
2025-10-01,09:33:39.000,24787.55,150.0,24786.1,24789.0,225.0
2025-10-01,09:33:40.000,24787.25,150.0,24786.1,24788.4,150.0
2025-10-01,09:33:41.000,24786.9,75.0,24784.8,24789.0,150.0
2025-10-01,09:33:42.000,24786.9,75.0,24784.8,24789.0,150.0
2025-10-01,09:33:43.000,24786.85,375.0,24784.7,24789.0,150.0
2025-10-01,09:33:44.000,24786.85,375.0,24784.7,24789.0,150.0
2025-10-01,09:33:45.000,24787.55,1125.0,24785.1,24790.0,7275.0
2025-10-01,09:33:46.000,24788.0,600.0,24786.0,24790.0,6825.0
2025-10-01,09:33:47.000,24788.0,600.0,24786.0,24790.0,6825.0
2025-10-01,09:33:48.000,24787.7,600.0,24786.0,24789.4,150.0
2025-10-01,09:33:49.000,24787.7,600.0,24786.0,24789.4,150.0
2025-10-01,09:33:50.000,24787.5,600.0,24786.0,24789.0,75.0
2025-10-01,09:33:51.000,24787.5,900.0,24786.0,24789.0,150.0
2025-10-01,09:33:52.000,24787.5,900.0,24786.0,24789.0,150.0
2025-10-01,09:33:53.000,24787.5,600.0,24786.0,24789.0,75.0
2025-10-01,09:33:54.000,24787.5,600.0,24786.0,24789.0,75.0
2025-10-01,09:33:55.000,24787.5,450.0,24786.0,24789.0,75.0
2025-10-01,09:33:56.000,24787.75,975.0,24786.0,24789.5,75.0
2025-10-01,09:33:57.000,24787.75,975.0,24786.0,24789.5,75.0
2025-10-01,09:33:58.000,24788.0,375.0,24786.0,24790.0,6750.0
2025-10-01,09:33:59.000,24788.0,375.0,24786.0,24790.0,6750.0
2025-10-01,09:34:00.000,24788.0,375.0,24786.0,24790.0,6750.0
2025-10-01,09:34:01.000,24788.0,900.0,24786.0,24790.0,6750.0
2025-10-01,09:34:02.000,24788.0,900.0,24786.0,24790.0,6750.0
2025-10-01,09:34:03.000,24788.0,450.0,24786.0,24790.0,6750.0
2025-10-01,09:34:04.000,24788.0,450.0,24786.0,24790.0,6750.0
2025-10-01,09:34:05.000,24788.05,75.0,24786.1,24790.0,6675.0
2025-10-01,09:34:06.000,24788.05,75.0,24786.1,24790.0,6675.0
2025-10-01,09:34:07.000,24788.05,75.0,24786.1,24790.0,6675.0
2025-10-01,09:34:08.000,24788.0,600.0,24786.0,24790.0,6675.0
2025-10-01,09:34:09.000,24788.0,600.0,24786.0,24790.0,6675.0
2025-10-01,09:34:10.000,24788.0,600.0,24786.0,24790.0,6600.0
2025-10-01,09:34:11.000,24788.25,75.0,24787.0,24789.5,150.0
2025-10-01,09:34:12.000,24788.25,75.0,24787.0,24789.5,150.0
2025-10-01,09:34:13.000,24788.5,75.0,24787.0,24790.0,6600.0
2025-10-01,09:34:14.000,24788.5,75.0,24787.0,24790.0,6600.0
2025-10-01,09:34:15.000,24788.0,600.0,24786.0,24790.0,6600.0
2025-10-01,09:34:16.000,24788.05,1275.0,24786.1,24790.0,1500.0
2025-10-01,09:34:17.000,24788.05,1275.0,24786.1,24790.0,1500.0
2025-10-01,09:34:18.000,24788.15,675.0,24786.3,24790.0,1500.0
2025-10-01,09:34:19.000,24788.15,675.0,24786.3,24790.0,1500.0
2025-10-01,09:34:20.000,24788.15,675.0,24786.3,24790.0,1575.0
2025-10-01,09:34:21.000,24788.85,750.0,24787.7,24790.0,1350.0
2025-10-01,09:34:22.000,24788.85,750.0,24787.7,24790.0,1350.0
2025-10-01,09:34:23.000,24791.4,675.0,24790.8,24792.0,900.0
2025-10-01,09:34:24.000,24791.4,675.0,24790.8,24792.0,900.0
2025-10-01,09:34:25.000,24790.4,675.0,24788.8,24792.0,825.0
2025-10-01,09:34:26.000,24789.7,675.0,24787.4,24792.0,825.0
2025-10-01,09:34:27.000,24789.7,675.0,24787.4,24792.0,825.0
2025-10-01,09:34:28.000,24789.4,675.0,24786.8,24792.0,600.0
2025-10-01,09:34:29.000,24789.4,675.0,24786.8,24792.0,600.0
2025-10-01,09:34:30.000,24789.6,75.0,24787.2,24792.0,300.0
2025-10-01,09:34:31.000,24789.05,75.0,24786.7,24791.4,150.0
2025-10-01,09:34:32.000,24789.05,75.0,24786.7,24791.4,150.0
2025-10-01,09:34:33.000,24789.35,225.0,24787.0,24791.7,150.0
2025-10-01,09:34:34.000,24789.35,225.0,24787.0,24791.7,150.0
2025-10-01,09:34:35.000,24789.5,600.0,24787.1,24791.9,75.0
2025-10-01,09:34:36.000,24790.95,75.0,24790.0,24791.9,150.0
2025-10-01,09:34:37.000,24790.95,75.0,24790.0,24791.9,150.0
2025-10-01,09:34:38.000,24789.55,150.0,24787.2,24791.9,75.0
2025-10-01,09:34:39.000,24789.55,150.0,24787.2,24791.9,75.0
2025-10-01,09:34:40.000,24789.55,600.0,24787.1,24792.0,375.0
2025-10-01,09:34:41.000,24791.35,75.0,24789.0,24793.7,150.0
2025-10-01,09:34:42.000,24791.35,75.0,24789.0,24793.7,150.0
2025-10-01,09:34:43.000,24792.7,75.0,24792.0,24793.4,150.0
2025-10-01,09:34:44.000,24792.7,75.0,24792.0,24793.4,150.0
2025-10-01,09:34:45.000,24790.55,75.0,24789.0,24792.1,75.0
2025-10-01,09:34:46.000,24790.75,150.0,24789.1,24792.4,75.0
2025-10-01,09:34:47.000,24790.75,150.0,24789.1,24792.4,75.0
2025-10-01,09:34:48.000,24790.45,150.0,24789.1,24791.8,300.0
2025-10-01,09:34:49.000,24790.45,150.0,24789.1,24791.8,300.0
2025-10-01,09:34:50.000,24790.35,150.0,24789.1,24791.6,75.0
2025-10-01,09:34:51.000,24790.45,75.0,24789.2,24791.7,75.0
2025-10-01,09:34:52.000,24790.45,75.0,24789.2,24791.7,75.0
2025-10-01,09:34:53.000,24790.35,150.0,24789.1,24791.6,300.0
2025-10-01,09:34:54.000,24790.35,150.0,24789.1,24791.6,300.0
2025-10-01,09:34:55.000,24790.15,150.0,24789.1,24791.2,75.0
2025-10-01,09:34:56.000,24791.2,375.0,24790.0,24792.4,75.0
2025-10-01,09:34:57.000,24791.2,375.0,24790.0,24792.4,75.0
2025-10-01,09:34:58.000,24791.85,300.0,24791.6,24792.1,150.0
2025-10-01,09:34:59.000,24791.85,300.0,24791.6,24792.1,150.0
2025-10-01,09:35:00.000,24791.05,150.0,24790.0,24792.1,150.0
2025-10-01,09:35:01.000,24790.75,75.0,24789.1,24792.4,75.0
2025-10-01,09:35:02.000,24790.75,75.0,24789.1,24792.4,75.0
2025-10-01,09:35:03.000,24790.8,750.0,24790.1,24791.5,75.0
2025-10-01,09:35:04.000,24790.8,750.0,24790.1,24791.5,75.0
2025-10-01,09:35:05.000,24792.4,375.0,24790.0,24794.8,150.0
2025-10-01,09:35:06.000,24793.95,75.0,24792.1,24795.8,75.0
2025-10-01,09:35:07.000,24793.95,75.0,24792.1,24795.8,75.0
2025-10-01,09:35:08.000,24794.1,75.0,24792.4,24795.8,75.0
2025-10-01,09:35:09.000,24794.1,75.0,24792.4,24795.8,75.0
2025-10-01,09:35:10.000,24793.8,75.0,24792.1,24795.5,75.0
2025-10-01,09:35:11.000,24793.5,75.0,24792.1,24794.9,450.0
2025-10-01,09:35:12.000,24793.5,75.0,24792.1,24794.9,450.0
2025-10-01,09:35:13.000,24791.05,225.0,24790.0,24792.1,300.0
2025-10-01,09:35:14.000,24791.05,225.0,24790.0,24792.1,300.0
2025-10-01,09:35:15.000,24791.1,75.0,24789.2,24793.0,150.0
2025-10-01,09:35:16.000,24790.65,75.0,24789.2,24792.1,75.0
2025-10-01,09:35:17.000,24790.65,75.0,24789.2,24792.1,75.0
2025-10-01,09:35:18.000,24790.55,150.0,24789.1,24792.0,75.0
2025-10-01,09:35:19.000,24790.55,150.0,24789.1,24792.0,75.0
2025-10-01,09:35:20.000,24792.25,75.0,24791.5,24793.0,150.0
2025-10-01,09:35:21.000,24791.2,75.0,24789.4,24793.0,300.0
2025-10-01,09:35:22.000,24791.2,75.0,24789.4,24793.0,300.0
2025-10-01,09:35:23.000,24793.35,75.0,24793.0,24793.7,75.0
2025-10-01,09:35:24.000,24793.35,75.0,24793.0,24793.7,75.0
2025-10-01,09:35:25.000,24791.1,75.0,24789.0,24793.2,225.0
2025-10-01,09:35:26.000,24791.6,1800.0,24790.0,24793.2,75.0
2025-10-01,09:35:27.000,24791.6,1800.0,24790.0,24793.2,75.0
2025-10-01,09:35:28.000,24791.6,1275.0,24790.0,24793.2,150.0
2025-10-01,09:35:29.000,24791.6,1275.0,24790.0,24793.2,150.0
2025-10-01,09:35:30.000,24791.6,1275.0,24790.0,24793.2,150.0
2025-10-01,09:35:31.000,24791.6,1050.0,24790.0,24793.2,75.0
2025-10-01,09:35:32.000,24791.6,1050.0,24790.0,24793.2,75.0
2025-10-01,09:35:33.000,24791.65,1125.0,24790.0,24793.3,75.0
2025-10-01,09:35:34.000,24791.65,1125.0,24790.0,24793.3,75.0
2025-10-01,09:35:35.000,24791.5,975.0,24790.0,24793.0,150.0
2025-10-01,09:35:36.000,24791.5,1125.0,24790.0,24793.0,75.0
2025-10-01,09:35:37.000,24791.5,1125.0,24790.0,24793.0,75.0
2025-10-01,09:35:38.000,24791.85,1125.0,24790.0,24793.7,225.0
2025-10-01,09:35:39.000,24791.85,1125.0,24790.0,24793.7,225.0
2025-10-01,09:35:40.000,24789.5,150.0,24789.0,24790.0,2100.0
2025-10-01,09:35:41.000,24789.5,150.0,24789.0,24790.0,1875.0
2025-10-01,09:35:42.000,24789.5,150.0,24789.0,24790.0,1875.0
2025-10-01,09:35:43.000,24789.5,75.0,24789.0,24790.0,900.0
2025-10-01,09:35:44.000,24789.5,75.0,24789.0,24790.0,900.0
2025-10-01,09:35:45.000,24788.55,375.0,24787.1,24790.0,825.0
2025-10-01,09:35:46.000,24788.6,825.0,24787.2,24790.0,825.0
2025-10-01,09:35:47.000,24788.6,825.0,24787.2,24790.0,825.0
2025-10-01,09:35:48.000,24788.55,75.0,24787.1,24790.0,600.0
2025-10-01,09:35:49.000,24788.55,75.0,24787.1,24790.0,600.0
2025-10-01,09:35:50.000,24788.55,150.0,24787.1,24790.0,750.0
2025-10-01,09:35:51.000,24788.5,450.0,24787.0,24790.0,600.0
2025-10-01,09:35:52.000,24788.5,450.0,24787.0,24790.0,600.0
2025-10-01,09:35:53.000,24788.5,450.0,24787.0,24790.0,825.0
2025-10-01,09:35:54.000,24788.5,450.0,24787.0,24790.0,825.0
2025-10-01,09:35:55.000,24788.85,75.0,24788.0,24789.7,225.0
2025-10-01,09:35:56.000,24788.2,300.0,24787.0,24789.4,450.0
2025-10-01,09:35:57.000,24788.2,300.0,24787.0,24789.4,450.0
2025-10-01,09:35:58.000,24787.95,300.0,24787.0,24788.9,75.0
2025-10-01,09:35:59.000,24787.95,300.0,24787.0,24788.9,75.0
2025-10-01,09:36:00.000,24787.85,225.0,24787.0,24788.7,450.0
2025-10-01,09:36:01.000,24786.5,525.0,24786.0,24787.0,300.0
2025-10-01,09:36:02.000,24786.5,525.0,24786.0,24787.0,300.0
2025-10-01,09:36:03.000,24787.4,900.0,24786.0,24788.8,150.0
2025-10-01,09:36:04.000,24787.4,900.0,24786.0,24788.8,150.0
2025-10-01,09:36:05.000,24787.4,2400.0,24786.0,24788.8,150.0
2025-10-01,09:36:06.000,24788.5,600.0,24787.0,24790.0,450.0
2025-10-01,09:36:07.000,24788.5,600.0,24787.0,24790.0,450.0
2025-10-01,09:36:08.000,24788.5,600.0,24787.0,24790.0,450.0
2025-10-01,09:36:09.000,24788.5,600.0,24787.0,24790.0,450.0
2025-10-01,09:36:10.000,24788.5,450.0,24787.0,24790.0,375.0
2025-10-01,09:36:11.000,24788.55,750.0,24787.1,24790.0,375.0
2025-10-01,09:36:12.000,24788.55,750.0,24787.1,24790.0,375.0
2025-10-01,09:36:13.000,24789.95,225.0,24789.9,24790.0,300.0
2025-10-01,09:36:14.000,24790.9,375.0,24788.6,24793.2,600.0
2025-10-01,09:36:15.000,24790.9,375.0,24788.6,24793.2,600.0
2025-10-01,09:36:16.000,24790.8,450.0,24788.4,24793.2,600.0
2025-10-01,09:36:17.000,24790.8,450.0,24788.4,24793.2,600.0
2025-10-01,09:36:18.000,24791.6,150.0,24790.0,24793.2,600.0
2025-10-01,09:36:19.000,24791.6,150.0,24790.0,24793.2,600.0
2025-10-01,09:36:20.000,24788.6,75.0,24787.2,24790.0,150.0
2025-10-01,09:36:21.000,24790.85,450.0,24788.5,24793.2,600.0
2025-10-01,09:36:22.000,24790.85,450.0,24788.5,24793.2,600.0
2025-10-01,09:36:23.000,24790.85,750.0,24788.5,24793.2,600.0
2025-10-01,09:36:24.000,24790.85,750.0,24788.5,24793.2,600.0
2025-10-01,09:36:25.000,24790.45,450.0,24787.7,24793.2,600.0
2025-10-01,09:36:26.000,24790.7,450.0,24788.2,24793.2,600.0
2025-10-01,09:36:27.000,24790.7,450.0,24788.2,24793.2,600.0
2025-10-01,09:36:28.000,24791.6,75.0,24790.0,24793.2,600.0
2025-10-01,09:36:29.000,24791.6,75.0,24790.0,24793.2,600.0
2025-10-01,09:36:30.000,24791.6,225.0,24790.0,24793.2,600.0
2025-10-01,09:36:31.000,24790.8,375.0,24788.4,24793.2,525.0
2025-10-01,09:36:32.000,24790.8,375.0,24788.4,24793.2,525.0
2025-10-01,09:36:33.000,24791.0,375.0,24788.8,24793.2,525.0
2025-10-01,09:36:34.000,24789.6,750.0,24789.2,24790.0,450.0
2025-10-01,09:36:35.000,24789.6,750.0,24789.2,24790.0,450.0
2025-10-01,09:36:36.000,24791.65,75.0,24790.1,24793.2,525.0
2025-10-01,09:36:37.000,24791.65,75.0,24790.1,24793.2,525.0
2025-10-01,09:36:38.000,24792.0,75.0,24790.0,24794.0,1800.0
2025-10-01,09:36:39.000,24791.85,150.0,24789.7,24794.0,1650.0
2025-10-01,09:36:40.000,24791.85,150.0,24789.7,24794.0,1650.0
2025-10-01,09:36:41.000,24792.7,525.0,24791.4,24794.0,1650.0
2025-10-01,09:36:42.000,24792.7,525.0,24791.4,24794.0,1650.0
2025-10-01,09:36:43.000,24792.7,525.0,24791.4,24794.0,1500.0
2025-10-01,09:36:44.000,24793.55,375.0,24792.2,24794.9,75.0
2025-10-01,09:36:45.000,24793.55,375.0,24792.2,24794.9,75.0
2025-10-01,09:36:46.000,24794.95,75.0,24794.9,24795.0,3975.0
2025-10-01,09:36:47.000,24794.95,75.0,24794.9,24795.0,3975.0
2025-10-01,09:36:48.000,24793.2,525.0,24791.4,24795.0,4050.0
2025-10-01,09:36:49.000,24793.65,150.0,24792.3,24795.0,3900.0
2025-10-01,09:36:50.000,24793.65,150.0,24792.3,24795.0,3900.0
2025-10-01,09:36:51.000,24793.7,675.0,24792.4,24795.0,3525.0
2025-10-01,09:36:52.000,24793.7,675.0,24792.4,24795.0,3525.0
2025-10-01,09:36:53.000,24793.25,75.0,24791.5,24795.0,3525.0
2025-10-01,09:36:54.000,24793.5,75.0,24792.0,24795.0,3300.0
2025-10-01,09:36:55.000,24793.5,75.0,24792.0,24795.0,3300.0
2025-10-01,09:36:56.000,24793.15,75.0,24791.3,24795.0,3300.0
2025-10-01,09:36:57.000,24793.55,75.0,24792.1,24795.0,3225.0
2025-10-01,09:36:58.000,24793.55,75.0,24792.1,24795.0,3225.0
2025-10-01,09:36:59.000,24792.35,375.0,24791.7,24793.0,150.0
2025-10-01,09:37:00.000,24792.35,375.0,24791.7,24793.0,150.0
2025-10-01,09:37:01.000,24792.8,150.0,24791.1,24794.5,150.0
2025-10-01,09:37:02.000,24792.6,75.0,24791.1,24794.1,75.0
2025-10-01,09:37:03.000,24792.6,75.0,24791.1,24794.1,75.0
2025-10-01,09:37:04.000,24792.05,75.0,24791.0,24793.1,75.0
2025-10-01,09:37:05.000,24792.05,75.0,24791.0,24793.1,75.0
2025-10-01,09:37:06.000,24792.9,375.0,24791.0,24794.8,75.0
2025-10-01,09:37:07.000,24793.6,75.0,24792.2,24795.0,2850.0
2025-10-01,09:37:08.000,24793.6,75.0,24792.2,24795.0,2850.0
2025-10-01,09:37:09.000,24794.75,300.0,24794.7,24794.8,300.0
2025-10-01,09:37:10.000,24794.75,300.0,24794.7,24794.8,300.0
2025-10-01,09:37:11.000,24793.2,150.0,24791.6,24794.8,150.0
2025-10-01,09:37:12.000,24793.5,150.0,24792.0,24795.0,2400.0
2025-10-01,09:37:13.000,24793.5,150.0,24792.0,24795.0,2400.0
2025-10-01,09:37:14.000,24793.6,750.0,24792.2,24795.0,2175.0
2025-10-01,09:37:15.000,24793.6,750.0,24792.2,24795.0,2175.0
2025-10-01,09:37:16.000,24793.45,75.0,24791.9,24795.0,2175.0
2025-10-01,09:37:17.000,24793.0,300.0,24791.0,24795.0,1575.0
2025-10-01,09:37:18.000,24793.0,300.0,24791.0,24795.0,1575.0
2025-10-01,09:37:19.000,24793.0,225.0,24791.0,24795.0,1575.0
2025-10-01,09:37:20.000,24793.0,225.0,24791.0,24795.0,1575.0
2025-10-01,09:37:21.000,24793.0,450.0,24791.2,24794.8,75.0
2025-10-01,09:37:22.000,24793.2,75.0,24791.4,24795.0,1575.0
2025-10-01,09:37:23.000,24793.2,75.0,24791.4,24795.0,1575.0
2025-10-01,09:37:24.000,24793.15,75.0,24791.3,24795.0,1575.0
2025-10-01,09:37:25.000,24793.15,75.0,24791.3,24795.0,1575.0
2025-10-01,09:37:26.000,24793.2,750.0,24791.4,24795.0,1425.0
2025-10-01,09:37:27.000,24794.9,150.0,24794.8,24795.0,1200.0
2025-10-01,09:37:28.000,24794.9,150.0,24794.8,24795.0,1200.0
2025-10-01,09:37:29.000,24793.35,975.0,24791.8,24794.9,150.0
2025-10-01,09:37:30.000,24793.35,975.0,24791.8,24794.9,150.0
2025-10-01,09:37:31.000,24793.35,675.0,24791.7,24795.0,1200.0
2025-10-01,09:37:32.000,24793.55,75.0,24792.1,24795.0,900.0
2025-10-01,09:37:33.000,24793.55,75.0,24792.1,24795.0,900.0
2025-10-01,09:37:34.000,24793.5,75.0,24792.1,24794.9,75.0
2025-10-01,09:37:35.000,24793.5,75.0,24792.1,24794.9,75.0
2025-10-01,09:37:36.000,24793.5,75.0,24792.1,24794.9,75.0
2025-10-01,09:37:37.000,24793.45,75.0,24792.0,24794.9,75.0
2025-10-01,09:37:38.000,24793.45,75.0,24792.0,24794.9,75.0
2025-10-01,09:37:39.000,24793.3,150.0,24791.6,24795.0,900.0
2025-10-01,09:37:40.000,24793.3,150.0,24791.6,24795.0,900.0
2025-10-01,09:37:41.000,24794.75,1650.0,24794.0,24795.5,75.0
2025-10-01,09:37:42.000,24794.95,1500.0,24794.0,24795.9,75.0
2025-10-01,09:37:43.000,24794.95,1500.0,24794.0,24795.9,75.0
2025-10-01,09:37:44.000,24795.5,75.0,24795.0,24796.0,75.0
2025-10-01,09:37:45.000,24795.5,75.0,24795.0,24796.0,75.0
2025-10-01,09:37:46.000,24795.25,1500.0,24794.0,24796.5,75.0
2025-10-01,09:37:47.000,24795.15,1200.0,24794.0,24796.3,75.0
2025-10-01,09:37:48.000,24795.15,1200.0,24794.0,24796.3,75.0
2025-10-01,09:37:49.000,24795.5,1200.0,24794.0,24797.0,375.0
2025-10-01,09:37:50.000,24795.5,1200.0,24794.0,24797.0,150.0
2025-10-01,09:37:51.000,24795.5,1200.0,24794.0,24797.0,150.0
2025-10-01,09:37:52.000,24795.25,1200.0,24794.0,24796.5,75.0
2025-10-01,09:37:53.000,24795.25,1200.0,24794.0,24796.5,75.0
2025-10-01,09:37:54.000,24796.25,450.0,24796.0,24796.5,75.0
2025-10-01,09:37:55.000,24796.15,450.0,24796.0,24796.3,75.0
2025-10-01,09:37:56.000,24796.15,450.0,24796.0,24796.3,75.0
2025-10-01,09:37:57.000,24794.95,1200.0,24794.0,24795.9,450.0
2025-10-01,09:37:58.000,24794.95,1200.0,24794.0,24795.9,450.0
2025-10-01,09:37:59.000,24795.0,1200.0,24794.0,24796.0,75.0
2025-10-01,09:38:00.000,24794.45,1050.0,24794.0,24794.9,150.0
2025-10-01,09:38:01.000,24794.45,1050.0,24794.0,24794.9,150.0
2025-10-01,09:38:02.000,24794.3,825.0,24794.0,24794.6,525.0
2025-10-01,09:38:03.000,24794.3,825.0,24794.0,24794.6,525.0
2025-10-01,09:38:04.000,24791.9,2025.0,24790.0,24793.8,600.0
2025-10-01,09:38:05.000,24791.55,2025.0,24790.0,24793.1,675.0
2025-10-01,09:38:06.000,24791.55,2025.0,24790.0,24793.1,675.0
2025-10-01,09:38:07.000,24791.45,2025.0,24790.0,24792.9,675.0
2025-10-01,09:38:08.000,24791.45,2025.0,24790.0,24792.9,675.0
2025-10-01,09:38:09.000,24791.95,1875.0,24790.0,24793.9,675.0
2025-10-01,09:38:10.000,24791.8,1875.0,24790.0,24793.6,600.0
2025-10-01,09:38:11.000,24791.8,1875.0,24790.0,24793.6,600.0
2025-10-01,09:38:12.000,24792.35,75.0,24792.0,24792.7,675.0
2025-10-01,09:38:13.000,24792.35,75.0,24792.0,24792.7,675.0
2025-10-01,09:38:14.000,24791.15,1800.0,24790.0,24792.3,1050.0
2025-10-01,09:38:15.000,24791.0,1800.0,24790.0,24792.0,75.0
2025-10-01,09:38:16.000,24791.0,1800.0,24790.0,24792.0,75.0
2025-10-01,09:38:17.000,24791.35,1725.0,24790.0,24792.7,600.0
2025-10-01,09:38:18.000,24791.35,1725.0,24790.0,24792.7,600.0
2025-10-01,09:38:19.000,24792.0,2025.0,24790.0,24794.0,75.0
2025-10-01,09:38:20.000,24792.45,1275.0,24790.0,24794.9,600.0
2025-10-01,09:38:21.000,24792.45,1275.0,24790.0,24794.9,600.0
2025-10-01,09:38:22.000,24792.0,1500.0,24790.0,24794.0,75.0
2025-10-01,09:38:23.000,24792.0,1500.0,24790.0,24794.0,75.0
2025-10-01,09:38:24.000,24792.0,1200.0,24790.0,24794.0,75.0
2025-10-01,09:38:25.000,24791.5,1200.0,24790.0,24793.0,600.0
2025-10-01,09:38:26.000,24791.5,1200.0,24790.0,24793.0,600.0
2025-10-01,09:38:27.000,24790.4,1350.0,24790.0,24790.8,600.0
2025-10-01,09:38:28.000,24790.4,1350.0,24790.0,24790.8,600.0
2025-10-01,09:38:29.000,24790.3,150.0,24790.1,24790.5,600.0
2025-10-01,09:38:30.000,24790.55,150.0,24790.1,24791.0,75.0
2025-10-01,09:38:31.000,24790.55,150.0,24790.1,24791.0,75.0
2025-10-01,09:38:32.000,24791.6,1425.0,24790.0,24793.2,675.0
2025-10-01,09:38:33.000,24791.6,1425.0,24790.0,24793.2,675.0
2025-10-01,09:38:34.000,24791.15,1425.0,24790.0,24792.3,150.0
2025-10-01,09:38:35.000,24791.65,225.0,24791.0,24792.3,150.0
2025-10-01,09:38:36.000,24791.65,225.0,24791.0,24792.3,150.0
2025-10-01,09:38:37.000,24792.25,150.0,24792.2,24792.3,75.0
2025-10-01,09:38:38.000,24792.25,150.0,24792.2,24792.3,75.0
2025-10-01,09:38:39.000,24792.25,75.0,24791.1,24793.4,75.0
2025-10-01,09:38:40.000,24792.55,75.0,24791.1,24794.0,225.0
2025-10-01,09:38:41.000,24792.55,75.0,24791.1,24794.0,225.0
2025-10-01,09:38:42.000,24792.1,375.0,24791.0,24793.2,75.0
2025-10-01,09:38:43.000,24792.1,375.0,24791.0,24793.2,75.0
2025-10-01,09:38:44.000,24792.6,75.0,24792.3,24792.9,75.0
2025-10-01,09:38:45.000,24792.45,75.0,24792.3,24792.6,75.0
2025-10-01,09:38:46.000,24792.45,75.0,24792.3,24792.6,75.0
2025-10-01,09:38:47.000,24792.15,75.0,24791.3,24793.0,300.0
2025-10-01,09:38:48.000,24792.15,75.0,24791.3,24793.0,300.0
2025-10-01,09:38:49.000,24792.15,75.0,24791.3,24793.0,150.0
2025-10-01,09:38:50.000,24792.8,75.0,24791.3,24794.3,150.0
2025-10-01,09:38:51.000,24792.8,75.0,24791.3,24794.3,150.0
2025-10-01,09:38:52.000,24794.15,150.0,24794.1,24794.2,150.0
2025-10-01,09:38:53.000,24794.15,150.0,24794.1,24794.2,150.0
2025-10-01,09:38:54.000,24792.05,750.0,24790.0,24794.1,75.0
2025-10-01,09:38:55.000,24791.65,750.0,24790.0,24793.3,375.0
2025-10-01,09:38:56.000,24791.65,750.0,24790.0,24793.3,375.0
2025-10-01,09:38:57.000,24791.25,750.0,24790.0,24792.5,75.0
2025-10-01,09:38:58.000,24791.25,750.0,24790.0,24792.5,75.0
2025-10-01,09:38:59.000,24791.2,675.0,24790.0,24792.4,150.0
2025-10-01,09:39:00.000,24791.5,675.0,24790.0,24793.0,225.0
2025-10-01,09:39:01.000,24791.5,675.0,24790.0,24793.0,225.0
2025-10-01,09:39:02.000,24791.65,600.0,24790.0,24793.3,525.0
2025-10-01,09:39:03.000,24791.65,600.0,24790.0,24793.3,525.0
2025-10-01,09:39:04.000,24791.15,525.0,24790.0,24792.3,450.0
2025-10-01,09:39:05.000,24791.3,525.0,24790.0,24792.6,75.0
2025-10-01,09:39:06.000,24791.3,525.0,24790.0,24792.6,75.0
2025-10-01,09:39:07.000,24791.45,750.0,24790.0,24792.9,75.0
2025-10-01,09:39:08.000,24791.45,750.0,24790.0,24792.9,75.0
2025-10-01,09:39:09.000,24791.85,450.0,24790.0,24793.7,150.0
2025-10-01,09:39:10.000,24792.0,150.0,24790.0,24794.0,2100.0
2025-10-01,09:39:11.000,24792.0,150.0,24790.0,24794.0,2100.0
2025-10-01,09:39:12.000,24792.0,75.0,24790.2,24793.8,75.0
2025-10-01,09:39:13.000,24792.0,75.0,24790.2,24793.8,75.0
2025-10-01,09:39:14.000,24791.95,75.0,24790.1,24793.8,150.0
2025-10-01,09:39:15.000,24792.0,75.0,24790.1,24793.9,75.0
2025-10-01,09:39:16.000,24792.0,75.0,24790.1,24793.9,75.0
2025-10-01,09:39:17.000,24792.35,75.0,24790.7,24794.0,1800.0
2025-10-01,09:39:18.000,24792.35,75.0,24790.7,24794.0,1800.0
2025-10-01,09:39:19.000,24792.85,75.0,24791.7,24794.0,1800.0
2025-10-01,09:39:20.000,24792.55,75.0,24791.1,24794.0,1800.0
2025-10-01,09:39:21.000,24792.55,75.0,24791.1,24794.0,1800.0
2025-10-01,09:39:22.000,24792.6,450.0,24791.2,24794.0,1725.0
2025-10-01,09:39:23.000,24792.6,450.0,24791.2,24794.0,1725.0
2025-10-01,09:39:24.000,24792.65,75.0,24791.3,24794.0,1500.0
2025-10-01,09:39:25.000,24792.7,75.0,24791.4,24794.0,1350.0
2025-10-01,09:39:26.000,24792.7,75.0,24791.4,24794.0,1350.0
2025-10-01,09:39:27.000,24793.95,1275.0,24793.9,24794.0,1050.0
2025-10-01,09:39:28.000,24793.5,75.0,24793.0,24794.0,825.0
2025-10-01,09:39:29.000,24793.5,75.0,24793.0,24794.0,825.0
2025-10-01,09:39:30.000,24795.3,375.0,24793.6,24797.0,75.0
2025-10-01,09:39:31.000,24795.3,375.0,24793.6,24797.0,75.0
2025-10-01,09:39:32.000,24795.25,75.0,24794.5,24796.0,675.0
2025-10-01,09:39:33.000,24795.3,75.0,24794.6,24796.0,600.0
2025-10-01,09:39:34.000,24795.3,75.0,24794.6,24796.0,600.0
2025-10-01,09:39:35.000,24795.25,75.0,24794.5,24796.0,600.0
2025-10-01,09:39:36.000,24795.25,75.0,24794.5,24796.0,600.0
2025-10-01,09:39:37.000,24794.3,75.0,24794.0,24794.6,225.0
2025-10-01,09:39:38.000,24794.5,75.0,24793.0,24796.0,600.0
2025-10-01,09:39:39.000,24794.5,75.0,24793.0,24796.0,600.0
2025-10-01,09:39:40.000,24794.5,75.0,24793.0,24796.0,600.0
2025-10-01,09:39:41.000,24794.5,75.0,24793.0,24796.0,600.0
2025-10-01,09:39:42.000,24794.3,450.0,24793.1,24795.5,75.0
2025-10-01,09:39:43.000,24794.9,75.0,24794.3,24795.5,75.0
2025-10-01,09:39:44.000,24794.9,75.0,24794.3,24795.5,75.0
2025-10-01,09:39:45.000,24794.95,375.0,24794.4,24795.5,75.0
2025-10-01,09:39:46.000,24794.95,375.0,24794.4,24795.5,75.0
2025-10-01,09:39:47.000,24795.5,75.0,24795.0,24796.0,600.0
2025-10-01,09:39:48.000,24795.5,150.0,24795.0,24796.0,600.0
2025-10-01,09:39:49.000,24795.5,150.0,24795.0,24796.0,600.0
2025-10-01,09:39:50.000,24794.2,1500.0,24793.4,24795.0,150.0
2025-10-01,09:39:51.000,24794.2,1500.0,24793.4,24795.0,150.0
2025-10-01,09:39:52.000,24794.4,75.0,24793.8,24795.0,75.0
2025-10-01,09:39:53.000,24794.9,75.0,24793.8,24796.0,525.0
2025-10-01,09:39:54.000,24794.9,75.0,24793.8,24796.0,525.0
2025-10-01,09:39:55.000,24795.5,1500.0,24795.0,24796.0,375.0
2025-10-01,09:39:56.000,24795.5,1500.0,24795.0,24796.0,375.0
2025-10-01,09:39:57.000,24796.95,75.0,24796.9,24797.0,75.0
2025-10-01,09:39:58.000,24796.45,1425.0,24795.0,24797.9,75.0
2025-10-01,09:39:59.000,24796.45,1425.0,24795.0,24797.9,75.0
2025-10-01,09:40:00.000,24796.45,1425.0,24795.0,24797.9,75.0
2025-10-01,09:40:01.000,24796.45,1425.0,24795.0,24797.9,75.0
2025-10-01,09:40:02.000,24796.45,1275.0,24795.0,24797.9,150.0
2025-10-01,09:40:03.000,24797.45,150.0,24797.0,24797.9,75.0
2025-10-01,09:40:04.000,24797.45,150.0,24797.0,24797.9,75.0
2025-10-01,09:40:05.000,24797.45,225.0,24797.0,24797.9,150.0
2025-10-01,09:40:06.000,24797.45,225.0,24797.0,24797.9,150.0
2025-10-01,09:40:07.000,24797.4,150.0,24797.0,24797.8,75.0
2025-10-01,09:40:08.000,24797.5,75.0,24797.0,24798.0,300.0
2025-10-01,09:40:09.000,24797.5,75.0,24797.0,24798.0,300.0
2025-10-01,09:40:10.000,24796.0,1275.0,24795.0,24797.0,75.0
2025-10-01,09:40:11.000,24796.0,1275.0,24795.0,24797.0,75.0
2025-10-01,09:40:12.000,24797.5,150.0,24797.0,24798.0,375.0
2025-10-01,09:40:13.000,24797.5,75.0,24797.0,24798.0,375.0
2025-10-01,09:40:14.000,24797.5,75.0,24797.0,24798.0,375.0
2025-10-01,09:40:15.000,24797.15,150.0,24797.0,24797.3,75.0
2025-10-01,09:40:16.000,24796.5,75.0,24796.0,24797.0,675.0
2025-10-01,09:40:17.000,24796.5,75.0,24796.0,24797.0,675.0
2025-10-01,09:40:18.000,24795.8,225.0,24795.2,24796.4,75.0
2025-10-01,09:40:19.000,24795.8,225.0,24795.2,24796.4,75.0
2025-10-01,09:40:20.000,24796.05,525.0,24795.2,24796.9,75.0
2025-10-01,09:40:21.000,24796.1,525.0,24795.2,24797.0,150.0
2025-10-01,09:40:22.000,24796.1,525.0,24795.2,24797.0,150.0
2025-10-01,09:40:23.000,24795.4,1200.0,24795.0,24795.8,75.0
2025-10-01,09:40:24.000,24795.4,1200.0,24795.0,24795.8,75.0
2025-10-01,09:40:25.000,24795.4,1200.0,24795.0,24795.8,375.0
2025-10-01,09:40:26.000,24795.4,1650.0,24795.0,24795.8,300.0
2025-10-01,09:40:27.000,24795.4,1650.0,24795.0,24795.8,300.0
2025-10-01,09:40:28.000,24795.25,1500.0,24795.0,24795.5,150.0
2025-10-01,09:40:29.000,24795.25,1500.0,24795.0,24795.5,150.0
2025-10-01,09:40:30.000,24795.2,1125.0,24795.0,24795.4,225.0
2025-10-01,09:40:31.000,24795.4,2625.0,24795.0,24795.8,450.0
2025-10-01,09:40:32.000,24795.4,2625.0,24795.0,24795.8,450.0
2025-10-01,09:40:33.000,24795.05,75.0,24795.0,24795.1,75.0
2025-10-01,09:40:34.000,24795.05,75.0,24795.0,24795.1,75.0
2025-10-01,09:40:35.000,24792.8,150.0,24792.6,24793.0,75.0
2025-10-01,09:40:36.000,24792.8,150.0,24792.6,24793.0,75.0
2025-10-01,09:40:37.000,24792.8,150.0,24792.6,24793.0,75.0
2025-10-01,09:40:38.000,24793.8,150.0,24792.6,24795.0,300.0
2025-10-01,09:40:39.000,24793.8,150.0,24792.6,24795.0,300.0
2025-10-01,09:40:40.000,24793.3,75.0,24792.6,24794.0,225.0
2025-10-01,09:40:41.000,24793.35,75.0,24792.6,24794.1,75.0
2025-10-01,09:40:42.000,24793.35,75.0,24792.6,24794.1,75.0
2025-10-01,09:40:43.000,24793.05,75.0,24792.6,24793.5,75.0
2025-10-01,09:40:44.000,24793.05,75.0,24792.6,24793.5,75.0
2025-10-01,09:40:45.000,24792.5,975.0,24792.0,24793.0,225.0
2025-10-01,09:40:46.000,24792.5,825.0,24792.0,24793.0,150.0
2025-10-01,09:40:47.000,24792.5,825.0,24792.0,24793.0,150.0
2025-10-01,09:40:48.000,24792.75,1050.0,24792.0,24793.5,75.0
2025-10-01,09:40:49.000,24792.75,1050.0,24792.0,24793.5,75.0
2025-10-01,09:40:50.000,24794.5,675.0,24792.0,24797.0,150.0
2025-10-01,09:40:51.000,24792.3,675.0,24792.0,24792.6,300.0
2025-10-01,09:40:52.000,24792.3,675.0,24792.0,24792.6,300.0
2025-10-01,09:40:53.000,24792.3,675.0,24792.0,24792.6,300.0
2025-10-01,09:40:54.000,24792.3,675.0,24792.0,24792.6,300.0
2025-10-01,09:40:55.000,24792.55,375.0,24792.1,24793.0,75.0
2025-10-01,09:40:56.000,24793.65,75.0,24792.1,24795.2,75.0
2025-10-01,09:40:57.000,24793.65,75.0,24792.1,24795.2,75.0
2025-10-01,09:40:58.000,24793.9,75.0,24792.6,24795.2,75.0
2025-10-01,09:40:59.000,24793.9,75.0,24792.6,24795.2,75.0
2025-10-01,09:41:00.000,24793.9,75.0,24792.6,24795.2,75.0
2025-10-01,09:41:01.000,24793.6,975.0,24792.0,24795.2,150.0
2025-10-01,09:41:02.000,24793.6,975.0,24792.0,24795.2,150.0
2025-10-01,09:41:03.000,24794.4,450.0,24793.6,24795.2,150.0
2025-10-01,09:41:04.000,24794.4,450.0,24793.6,24795.2,150.0
2025-10-01,09:41:05.000,24794.7,225.0,24793.4,24796.0,600.0
2025-10-01,09:41:06.000,24795.15,150.0,24794.3,24796.0,450.0
2025-10-01,09:41:07.000,24795.15,150.0,24794.3,24796.0,450.0
2025-10-01,09:41:08.000,24794.9,150.0,24793.8,24796.0,450.0
2025-10-01,09:41:09.000,24794.9,150.0,24793.8,24796.0,450.0
2025-10-01,09:41:10.000,24794.85,150.0,24793.7,24796.0,450.0
2025-10-01,09:41:11.000,24796.1,75.0,24795.2,24797.0,225.0
2025-10-01,09:41:12.000,24796.1,75.0,24795.2,24797.0,225.0
2025-10-01,09:41:13.000,24796.4,300.0,24795.8,24797.0,225.0
2025-10-01,09:41:14.000,24796.4,300.0,24795.8,24797.0,225.0
2025-10-01,09:41:15.000,24797.25,300.0,24796.6,24797.9,150.0
2025-10-01,09:41:16.000,24797.3,375.0,24796.6,24798.0,150.0
2025-10-01,09:41:17.000,24797.3,375.0,24796.6,24798.0,150.0
2025-10-01,09:41:18.000,24798.45,600.0,24798.4,24798.5,600.0
2025-10-01,09:41:19.000,24798.45,600.0,24798.4,24798.5,600.0
2025-10-01,09:41:20.000,24797.5,75.0,24796.5,24798.5,450.0
2025-10-01,09:41:21.000,24797.5,75.0,24796.5,24798.5,450.0
2025-10-01,09:41:22.000,24797.5,75.0,24796.5,24798.5,450.0
2025-10-01,09:41:23.000,24797.55,150.0,24796.6,24798.5,375.0
2025-10-01,09:41:24.000,24797.55,150.0,24796.6,24798.5,375.0
2025-10-01,09:41:25.000,24797.25,75.0,24796.0,24798.5,600.0
2025-10-01,09:41:26.000,24797.0,75.0,24795.5,24798.5,525.0
2025-10-01,09:41:27.000,24797.0,75.0,24795.5,24798.5,525.0
2025-10-01,09:41:28.000,24796.75,825.0,24795.0,24798.5,375.0
2025-10-01,09:41:29.000,24796.75,825.0,24795.0,24798.5,375.0
2025-10-01,09:41:30.000,24796.7,450.0,24795.0,24798.4,150.0
2025-10-01,09:41:31.000,24798.45,375.0,24798.4,24798.5,375.0
2025-10-01,09:41:32.000,24798.45,375.0,24798.4,24798.5,375.0
2025-10-01,09:41:33.000,24798.6,375.0,24798.4,24798.8,375.0
2025-10-01,09:41:34.000,24798.6,375.0,24798.4,24798.8,375.0
2025-10-01,09:41:35.000,24798.75,600.0,24798.5,24799.0,1725.0
2025-10-01,09:41:36.000,24798.75,225.0,24798.5,24799.0,1725.0
2025-10-01,09:41:37.000,24798.75,225.0,24798.5,24799.0,1725.0
2025-10-01,09:41:38.000,24798.75,150.0,24798.5,24799.0,1725.0
2025-10-01,09:41:39.000,24798.7,225.0,24798.4,24799.0,1350.0
2025-10-01,09:41:40.000,24798.7,225.0,24798.4,24799.0,1350.0
2025-10-01,09:41:41.000,24798.7,225.0,24798.4,24799.0,975.0
2025-10-01,09:41:42.000,24798.7,225.0,24798.4,24799.0,975.0
2025-10-01,09:41:43.000,24798.7,225.0,24798.4,24799.0,900.0
2025-10-01,09:41:44.000,24798.7,225.0,24798.4,24799.0,900.0
2025-10-01,09:41:45.000,24798.7,225.0,24798.4,24799.0,900.0
2025-10-01,09:41:46.000,24798.7,150.0,24798.4,24799.0,975.0
2025-10-01,09:41:47.000,24798.7,150.0,24798.4,24799.0,975.0
2025-10-01,09:41:48.000,24798.7,150.0,24798.4,24799.0,750.0
2025-10-01,09:41:49.000,24797.7,75.0,24797.0,24798.4,600.0
2025-10-01,09:41:50.000,24797.7,75.0,24797.0,24798.4,600.0
2025-10-01,09:41:51.000,24797.7,75.0,24797.0,24798.4,600.0
2025-10-01,09:41:52.000,24797.7,75.0,24797.0,24798.4,600.0
2025-10-01,09:41:53.000,24797.7,75.0,24797.0,24798.4,375.0
2025-10-01,09:41:54.000,24797.7,75.0,24797.0,24798.4,375.0
2025-10-01,09:41:55.000,24797.7,75.0,24797.0,24798.4,375.0
2025-10-01,09:41:56.000,24797.7,75.0,24797.0,24798.4,375.0
2025-10-01,09:41:57.000,24797.7,75.0,24797.0,24798.4,375.0
2025-10-01,09:41:58.000,24797.7,75.0,24797.0,24798.4,300.0
2025-10-01,09:41:59.000,24797.7,75.0,24797.0,24798.4,150.0
2025-10-01,09:42:00.000,24797.7,75.0,24797.0,24798.4,150.0
2025-10-01,09:42:01.000,24796.5,75.0,24796.0,24797.0,300.0
2025-10-01,09:42:02.000,24796.5,75.0,24796.0,24797.0,300.0
2025-10-01,09:42:03.000,24796.7,1800.0,24795.0,24798.4,150.0
2025-10-01,09:42:04.000,24797.2,675.0,24796.0,24798.4,75.0
2025-10-01,09:42:05.000,24797.2,675.0,24796.0,24798.4,75.0
2025-10-01,09:42:06.000,24796.85,825.0,24795.3,24798.4,75.0
2025-10-01,09:42:07.000,24796.85,825.0,24795.3,24798.4,75.0
2025-10-01,09:42:08.000,24798.7,75.0,24798.4,24799.0,1575.0
2025-10-01,09:42:09.000,24798.7,150.0,24798.4,24799.0,1425.0
2025-10-01,09:42:10.000,24798.7,150.0,24798.4,24799.0,1425.0
2025-10-01,09:42:11.000,24798.7,75.0,24798.4,24799.0,1425.0
2025-10-01,09:42:12.000,24798.7,75.0,24798.4,24799.0,1425.0
2025-10-01,09:42:13.000,24798.7,225.0,24798.4,24799.0,1125.0
2025-10-01,09:42:14.000,24798.7,225.0,24798.4,24799.0,975.0
2025-10-01,09:42:15.000,24798.7,225.0,24798.4,24799.0,975.0
2025-10-01,09:42:16.000,24798.7,150.0,24798.4,24799.0,975.0
2025-10-01,09:42:17.000,24798.7,150.0,24798.4,24799.0,975.0
2025-10-01,09:42:18.000,24798.7,150.0,24798.4,24799.0,1200.0
2025-10-01,09:42:19.000,24798.7,75.0,24798.4,24799.0,750.0
2025-10-01,09:42:20.000,24798.7,75.0,24798.4,24799.0,750.0
2025-10-01,09:42:21.000,24798.7,225.0,24798.4,24799.0,1050.0
2025-10-01,09:42:22.000,24798.7,225.0,24798.4,24799.0,1050.0
2025-10-01,09:42:23.000,24800.2,1050.0,24799.5,24800.9,75.0
2025-10-01,09:42:24.000,24802.5,375.0,24801.0,24804.0,525.0
2025-10-01,09:42:25.000,24802.5,375.0,24801.0,24804.0,525.0
2025-10-01,09:42:26.000,24802.6,525.0,24801.0,24804.2,225.0
2025-10-01,09:42:27.000,24802.6,525.0,24801.0,24804.2,225.0
2025-10-01,09:42:28.000,24803.1,150.0,24801.3,24804.9,1500.0
2025-10-01,09:42:29.000,24803.15,75.0,24801.4,24804.9,1500.0
2025-10-01,09:42:30.000,24803.15,75.0,24801.4,24804.9,1500.0
2025-10-01,09:42:31.000,24803.05,75.0,24801.2,24804.9,1425.0
2025-10-01,09:42:32.000,24803.05,75.0,24801.2,24804.9,1425.0
2025-10-01,09:42:33.000,24804.4,75.0,24803.9,24804.9,1200.0
2025-10-01,09:42:34.000,24804.4,75.0,24803.9,24804.9,450.0
2025-10-01,09:42:35.000,24804.4,75.0,24803.9,24804.9,450.0
2025-10-01,09:42:36.000,24805.0,75.0,24804.0,24806.0,1875.0
2025-10-01,09:42:37.000,24805.0,75.0,24804.0,24806.0,1875.0
2025-10-01,09:42:38.000,24803.6,150.0,24801.2,24806.0,2175.0
2025-10-01,09:42:39.000,24803.6,150.0,24801.2,24806.0,1800.0
2025-10-01,09:42:40.000,24803.6,150.0,24801.2,24806.0,1800.0
2025-10-01,09:42:41.000,24803.95,225.0,24801.9,24806.0,1650.0
2025-10-01,09:42:42.000,24805.45,75.0,24804.9,24806.0,1650.0
2025-10-01,09:42:43.000,24805.45,75.0,24804.9,24806.0,1650.0
2025-10-01,09:42:44.000,24805.5,75.0,24805.0,24806.0,1125.0
2025-10-01,09:42:45.000,24805.5,75.0,24805.0,24806.0,1125.0
2025-10-01,09:42:46.000,24805.45,150.0,24804.9,24806.0,1350.0
