Date,Time,MID_PRICE,BID_SIZE,BID_PRICE,ASK_PRICE,ASK_SIZE
2025-10-01,09:15:00.000,178.48,150.0,175.15,181.8,75.0
2025-10-01,09:15:01.000,174.58,150.0,173.05,176.1,225.0
2025-10-01,09:15:02.000,174.88,150.0,172.0,177.75,225.0
2025-10-01,09:15:03.000,174.88,150.0,172.0,177.75,225.0
2025-10-01,09:15:04.000,174.78,75.0,173.5,176.05,225.0
2025-10-01,09:15:05.000,176.5,75.0,175.5,177.5,225.0
2025-10-01,09:15:06.000,176.22,150.0,175.75,176.7,225.0
2025-10-01,09:15:07.000,177.75,150.0,177.3,178.2,150.0
2025-10-01,09:15:08.000,177.75,150.0,177.3,178.2,150.0
2025-10-01,09:15:09.000,179.45,225.0,178.3,180.6,375.0
2025-10-01,09:15:10.000,180.15,75.0,179.55,180.75,300.0
2025-10-01,09:15:11.000,181.38,225.0,180.25,182.5,450.0
2025-10-01,09:15:12.000,180.6,150.0,180.0,181.2,225.0
2025-10-01,09:15:13.000,181.25,150.0,180.75,181.75,150.0
2025-10-01,09:15:14.000,182.25,225.0,181.8,182.7,150.0
2025-10-01,09:15:15.000,182.25,225.0,181.8,182.7,150.0
2025-10-01,09:15:16.000,180.88,225.0,180.55,181.2,225.0
2025-10-01,09:15:17.000,182.12,75.0,181.75,182.5,2175.0
2025-10-01,09:15:18.000,183.4,150.0,182.85,183.95,2100.0
2025-10-01,09:15:19.000,182.62,225.0,182.5,182.75,150.0
2025-10-01,09:15:20.000,181.0,675.0,180.75,181.25,150.0
2025-10-01,09:15:21.000,181.0,675.0,180.75,181.25,150.0
2025-10-01,09:15:22.000,181.72,525.0,181.45,182.0,300.0
2025-10-01,09:15:23.000,180.75,75.0,180.5,181.0,150.0
2025-10-01,09:15:24.000,180.35,75.0,180.05,180.65,600.0
2025-10-01,09:15:25.000,181.23,225.0,180.9,181.55,450.0
2025-10-01,09:15:26.000,180.48,75.0,180.2,180.75,75.0
2025-10-01,09:15:27.000,180.48,75.0,180.2,180.75,75.0
2025-10-01,09:15:28.000,179.48,75.0,179.25,179.7,75.0
2025-10-01,09:15:29.000,178.92,450.0,178.65,179.2,225.0
2025-10-01,09:15:30.000,179.18,75.0,178.9,179.45,75.0
2025-10-01,09:15:31.000,178.7,300.0,178.45,178.95,300.0
2025-10-01,09:15:32.000,179.02,375.0,178.8,179.25,150.0
2025-10-01,09:15:33.000,179.05,150.0,178.85,179.25,300.0
2025-10-01,09:15:34.000,179.05,150.0,178.85,179.25,300.0
2025-10-01,09:15:35.000,178.65,525.0,178.4,178.9,150.0
2025-10-01,09:15:36.000,179.05,675.0,178.75,179.35,300.0
2025-10-01,09:15:37.000,177.55,225.0,177.3,177.8,75.0
2025-10-01,09:15:38.000,177.7,375.0,177.35,178.05,300.0
2025-10-01,09:15:39.000,177.7,375.0,177.35,178.05,300.0
2025-10-01,09:15:40.000,178.25,600.0,178.0,178.5,300.0
2025-10-01,09:15:41.000,178.25,600.0,177.95,178.55,300.0
2025-10-01,09:15:42.000,178.25,75.0,178.0,178.5,675.0
2025-10-01,09:15:43.000,177.42,300.0,177.15,177.7,150.0
2025-10-01,09:15:44.000,177.0,450.0,176.85,177.15,225.0
2025-10-01,09:15:45.000,177.0,450.0,176.85,177.15,225.0
2025-10-01,09:15:46.000,177.0,375.0,176.75,177.25,300.0
2025-10-01,09:15:47.000,176.8,525.0,176.55,177.05,300.0
2025-10-01,09:15:48.000,176.65,300.0,176.35,176.95,375.0
2025-10-01,09:15:49.000,176.32,225.0,176.1,176.55,750.0
2025-10-01,09:15:50.000,175.85,75.0,175.65,176.05,1950.0
2025-10-01,09:15:51.000,176.12,450.0,175.85,176.4,225.0
2025-10-01,09:15:52.000,176.12,450.0,175.85,176.4,225.0
2025-10-01,09:15:53.000,175.52,300.0,175.3,175.75,1500.0
2025-10-01,09:15:54.000,175.92,300.0,175.65,176.2,1875.0
2025-10-01,09:15:55.000,175.32,75.0,175.1,175.55,150.0
2025-10-01,09:15:56.000,175.2,600.0,174.9,175.5,300.0
2025-10-01,09:15:57.000,175.32,450.0,175.05,175.6,375.0
2025-10-01,09:15:58.000,175.32,450.0,175.05,175.6,375.0
2025-10-01,09:15:59.000,175.25,75.0,175.05,175.45,300.0
2025-10-01,09:16:00.000,175.58,300.0,175.25,175.9,75.0
2025-10-01,09:16:01.000,173.9,75.0,173.65,174.15,225.0
2025-10-01,09:16:02.000,173.42,75.0,173.15,173.7,450.0
2025-10-01,09:16:03.000,173.42,75.0,173.15,173.7,450.0
2025-10-01,09:16:04.000,173.45,600.0,173.2,173.7,150.0
2025-10-01,09:16:05.000,173.95,600.0,173.7,174.2,450.0
2025-10-01,09:16:06.000,174.62,600.0,174.3,174.95,75.0
2025-10-01,09:16:07.000,174.62,600.0,174.3,174.95,75.0
2025-10-01,09:16:08.000,175.12,600.0,174.9,175.35,10125.0
2025-10-01,09:16:09.000,175.32,450.0,175.0,175.65,75.0
2025-10-01,09:16:10.000,174.62,300.0,174.3,174.95,150.0
2025-10-01,09:16:11.000,174.62,300.0,174.3,174.95,150.0
2025-10-01,09:16:12.000,174.78,75.0,174.55,175.0,750.0
2025-10-01,09:16:13.000,174.5,300.0,174.3,174.7,75.0
2025-10-01,09:16:14.000,174.78,225.0,174.55,175.0,150.0
2025-10-01,09:16:15.000,175.2,525.0,174.95,175.45,225.0
2025-10-01,09:16:16.000,175.2,525.0,174.95,175.45,225.0
2025-10-01,09:16:17.000,174.22,600.0,174.0,174.45,75.0
2025-10-01,09:16:18.000,173.45,450.0,173.2,173.7,375.0
2025-10-01,09:16:19.000,173.42,150.0,173.25,173.6,375.0
2025-10-01,09:16:20.000,173.42,150.0,173.25,173.6,375.0
2025-10-01,09:16:21.000,173.25,375.0,173.1,173.4,75.0
2025-10-01,09:16:22.000,173.92,300.0,173.75,174.1,75.0
2025-10-01,09:16:23.000,173.55,450.0,173.3,173.8,300.0
2025-10-01,09:16:24.000,173.55,450.0,173.3,173.8,300.0
2025-10-01,09:16:25.000,173.52,375.0,173.3,173.75,150.0
2025-10-01,09:16:26.000,173.5,300.0,173.25,173.75,150.0
2025-10-01,09:16:27.000,173.73,225.0,173.55,173.9,75.0
2025-10-01,09:16:28.000,173.9,300.0,173.7,174.1,150.0
2025-10-01,09:16:29.000,173.35,225.0,173.1,173.6,225.0
2025-10-01,09:16:30.000,173.35,225.0,173.1,173.6,225.0
2025-10-01,09:16:31.000,173.22,600.0,173.0,173.45,225.0
2025-10-01,09:16:32.000,174.0,675.0,173.8,174.2,75.0
2025-10-01,09:16:33.000,173.82,300.0,173.55,174.1,1800.0
2025-10-01,09:16:34.000,173.82,300.0,173.55,174.1,1800.0
2025-10-01,09:16:35.000,173.12,75.0,173.0,173.25,1800.0
2025-10-01,09:16:36.000,172.4,300.0,172.2,172.6,600.0
2025-10-01,09:16:37.000,172.18,75.0,172.0,172.35,1800.0
2025-10-01,09:16:38.000,172.18,75.0,172.0,172.35,1800.0
2025-10-01,09:16:39.000,171.45,225.0,171.25,171.65,150.0
2025-10-01,09:16:40.000,171.58,450.0,171.35,171.8,75.0
2025-10-01,09:16:41.000,170.58,825.0,170.3,170.85,600.0
2025-10-01,09:16:42.000,170.58,825.0,170.3,170.85,600.0
2025-10-01,09:16:43.000,170.65,600.0,170.45,170.85,75.0
2025-10-01,09:16:44.000,171.55,675.0,171.35,171.75,375.0
2025-10-01,09:16:45.000,171.48,450.0,171.25,171.7,675.0
2025-10-01,09:16:46.000,172.32,525.0,172.1,172.55,375.0
2025-10-01,09:16:47.000,172.32,525.0,172.1,172.55,375.0
2025-10-01,09:16:48.000,171.05,75.0,170.85,171.25,900.0
2025-10-01,09:16:49.000,171.78,675.0,171.55,172.0,675.0
2025-10-01,09:16:50.000,171.82,450.0,171.6,172.05,225.0
2025-10-01,09:16:51.000,171.82,450.0,171.6,172.05,225.0
2025-10-01,09:16:52.000,172.28,525.0,172.0,172.55,750.0
2025-10-01,09:16:53.000,171.88,750.0,171.65,172.1,150.0
2025-10-01,09:16:54.000,171.85,525.0,171.6,172.1,600.0
2025-10-01,09:16:55.000,171.85,525.0,171.6,172.1,600.0
2025-10-01,09:16:56.000,171.62,450.0,171.4,171.85,375.0
2025-10-01,09:16:57.000,171.55,75.0,171.35,171.75,525.0
2025-10-01,09:16:58.000,171.27,75.0,171.1,171.45,75.0
2025-10-01,09:16:59.000,171.27,75.0,171.1,171.45,75.0
2025-10-01,09:17:00.000,171.9,75.0,171.8,172.0,525.0
2025-10-01,09:17:01.000,171.3,600.0,171.1,171.5,300.0
2025-10-01,09:17:02.000,170.75,75.0,170.6,170.9,75.0
2025-10-01,09:17:03.000,171.08,75.0,170.85,171.3,525.0
2025-10-01,09:17:04.000,171.08,75.0,170.85,171.3,525.0
2025-10-01,09:17:05.000,171.0,150.0,170.8,171.2,450.0
2025-10-01,09:17:06.000,170.6,300.0,170.45,170.75,75.0
2025-10-01,09:17:07.000,170.42,450.0,170.25,170.6,825.0
2025-10-01,09:17:08.000,170.42,450.0,170.25,170.6,825.0
2025-10-01,09:17:09.000,170.35,450.0,170.25,170.45,300.0
2025-10-01,09:17:10.000,170.1,825.0,170.0,170.2,450.0
2025-10-01,09:17:11.000,170.32,75.0,170.2,170.45,75.0
2025-10-01,09:17:12.000,170.65,600.0,170.45,170.85,150.0
2025-10-01,09:17:13.000,170.65,600.0,170.45,170.85,150.0
2025-10-01,09:17:14.000,170.55,300.0,170.35,170.75,225.0
2025-10-01,09:17:15.000,171.25,225.0,171.1,171.4,600.0
2025-10-01,09:17:16.000,171.18,375.0,170.95,171.4,1125.0
2025-10-01,09:17:17.000,171.18,375.0,170.95,171.4,1125.0
2025-10-01,09:17:18.000,172.02,75.0,171.9,172.15,1500.0
2025-10-01,09:17:19.000,171.8,300.0,171.6,172.0,150.0
2025-10-01,09:17:20.000,171.8,300.0,171.6,172.0,150.0
2025-10-01,09:17:21.000,172.4,75.0,172.25,172.55,75.0
2025-10-01,09:17:22.000,171.75,75.0,171.65,171.85,75.0
2025-10-01,09:17:23.000,172.8,300.0,172.6,173.0,75.0
2025-10-01,09:17:24.000,172.8,300.0,172.6,173.0,75.0
2025-10-01,09:17:25.000,174.5,150.0,174.4,174.6,900.0
2025-10-01,09:17:26.000,173.95,75.0,173.8,174.1,900.0
2025-10-01,09:17:27.000,174.3,75.0,174.2,174.4,75.0
2025-10-01,09:17:28.000,174.3,75.0,174.2,174.4,75.0
2025-10-01,09:17:29.000,174.75,75.0,174.65,174.85,300.0
2025-10-01,09:17:30.000,175.52,375.0,175.35,175.7,75.0
2025-10-01,09:17:31.000,175.52,375.0,175.35,175.7,75.0
2025-10-01,09:17:32.000,175.85,75.0,175.7,176.0,600.0
2025-10-01,09:17:33.000,175.5,375.0,175.3,175.7,75.0
2025-10-01,09:17:34.000,175.0,225.0,174.75,175.25,975.0
2025-10-01,09:17:35.000,175.0,225.0,174.75,175.25,975.0
2025-10-01,09:17:36.000,174.68,600.0,174.4,174.95,75.0
2025-10-01,09:17:37.000,175.12,150.0,174.95,175.3,300.0
2025-10-01,09:17:38.000,176.32,375.0,176.05,176.6,75.0
2025-10-01,09:17:39.000,176.32,375.0,176.05,176.6,75.0
2025-10-01,09:17:40.000,176.32,375.0,176.1,176.55,1200.0
2025-10-01,09:17:41.000,176.62,75.0,176.45,176.8,375.0
2025-10-01,09:17:42.000,176.73,75.0,176.55,176.9,375.0
2025-10-01,09:17:43.000,176.73,75.0,176.55,176.9,375.0
2025-10-01,09:17:44.000,176.42,450.0,176.15,176.7,525.0
2025-10-01,09:17:45.000,176.08,225.0,175.7,176.45,375.0
2025-10-01,09:17:46.000,176.22,150.0,175.95,176.5,150.0
2025-10-01,09:17:47.000,176.22,150.0,175.95,176.5,150.0
2025-10-01,09:17:48.000,175.15,225.0,175.0,175.3,375.0
2025-10-01,09:17:49.000,174.68,150.0,174.5,174.85,75.0
2025-10-01,09:17:50.000,174.68,450.0,174.4,174.95,75.0
2025-10-01,09:17:51.000,174.65,750.0,174.45,174.85,75.0
2025-10-01,09:17:52.000,174.65,750.0,174.45,174.85,75.0
2025-10-01,09:17:53.000,175.92,75.0,175.7,176.15,75.0
2025-10-01,09:17:54.000,176.42,225.0,176.15,176.7,900.0
2025-10-01,09:17:55.000,176.55,150.0,176.3,176.8,525.0
2025-10-01,09:17:56.000,176.55,150.0,176.3,176.8,525.0
2025-10-01,09:17:57.000,176.32,600.0,176.05,176.6,300.0
2025-10-01,09:17:58.000,176.88,75.0,176.65,177.1,375.0
2025-10-01,09:17:59.000,176.88,75.0,176.65,177.1,375.0
2025-10-01,09:18:00.000,177.9,150.0,177.75,178.05,75.0
2025-10-01,09:18:01.000,178.38,75.0,178.1,178.65,75.0
2025-10-01,09:18:02.000,177.68,375.0,177.45,177.9,75.0
2025-10-01,09:18:03.000,177.68,375.0,177.45,177.9,75.0
2025-10-01,09:18:04.000,176.22,75.0,176.0,176.45,825.0
2025-10-01,09:18:05.000,176.4,75.0,176.15,176.65,225.0
2025-10-01,09:18:06.000,176.77,75.0,176.6,176.95,75.0
2025-10-01,09:18:07.000,176.77,75.0,176.6,176.95,75.0
2025-10-01,09:18:08.000,176.15,450.0,175.9,176.4,300.0
2025-10-01,09:18:09.000,175.9,75.0,175.85,175.95,150.0
2025-10-01,09:18:10.000,175.95,150.0,175.85,176.05,300.0
2025-10-01,09:18:11.000,175.95,150.0,175.85,176.05,300.0
2025-10-01,09:18:12.000,176.27,225.0,176.1,176.45,75.0
2025-10-01,09:18:13.000,176.55,150.0,176.45,176.65,150.0
2025-10-01,09:18:14.000,176.23,375.0,176.05,176.4,75.0
2025-10-01,09:18:15.000,176.65,525.0,176.4,176.9,75.0
2025-10-01,09:18:16.000,176.65,525.0,176.4,176.9,75.0
2025-10-01,09:18:17.000,176.65,675.0,176.45,176.85,75.0
2025-10-01,09:18:18.000,176.42,75.0,176.25,176.6,75.0
2025-10-01,09:18:19.000,176.42,75.0,176.25,176.6,75.0
2025-10-01,09:18:20.000,176.82,150.0,176.6,177.05,225.0
2025-10-01,09:18:21.000,175.7,75.0,175.5,175.9,300.0
2025-10-01,09:18:22.000,175.95,6000.0,175.85,176.05,225.0
2025-10-01,09:18:23.000,175.95,6000.0,175.85,176.05,225.0
2025-10-01,09:18:24.000,175.88,3975.0,175.85,175.9,600.0
2025-10-01,09:18:25.000,175.62,225.0,175.45,175.8,75.0
2025-10-01,09:18:26.000,176.2,375.0,175.95,176.45,75.0
2025-10-01,09:18:27.000,176.2,375.0,175.95,176.45,75.0
2025-10-01,09:18:28.000,175.35,1050.0,175.05,175.65,300.0
2025-10-01,09:18:29.000,175.35,300.0,175.1,175.6,75.0
2025-10-01,09:18:30.000,175.1,75.0,175.0,175.2,525.0
2025-10-01,09:18:31.000,174.95,675.0,174.75,175.15,75.0
2025-10-01,09:18:32.000,174.95,675.0,174.75,175.15,75.0
2025-10-01,09:18:33.000,174.25,525.0,174.05,174.45,525.0
2025-10-01,09:18:34.000,174.5,675.0,174.4,174.6,75.0
2025-10-01,09:18:35.000,174.98,75.0,174.75,175.2,375.0
2025-10-01,09:18:36.000,174.98,75.0,174.75,175.2,375.0
2025-10-01,09:18:37.000,174.85,675.0,174.65,175.05,150.0
2025-10-01,09:18:38.000,175.55,300.0,175.35,175.75,75.0
2025-10-01,09:18:39.000,175.15,300.0,174.85,175.45,900.0
2025-10-01,09:18:40.000,175.15,300.0,174.85,175.45,900.0
2025-10-01,09:18:41.000,175.45,225.0,175.3,175.6,525.0
2025-10-01,09:18:42.000,175.55,900.0,175.3,175.8,525.0
2025-10-01,09:18:43.000,175.95,525.0,175.65,176.25,600.0
2025-10-01,09:18:44.000,175.95,525.0,175.65,176.25,600.0
2025-10-01,09:18:45.000,175.95,300.0,175.7,176.2,300.0
2025-10-01,09:18:46.000,175.95,300.0,175.7,176.2,300.0
2025-10-01,09:18:47.000,175.45,375.0,175.25,175.65,75.0
2025-10-01,09:18:48.000,174.9,225.0,174.65,175.15,225.0
2025-10-01,09:18:49.000,174.9,225.0,174.65,175.15,225.0
2025-10-01,09:18:50.000,174.92,75.0,174.65,175.2,450.0
2025-10-01,09:18:51.000,174.92,75.0,174.65,175.2,450.0
2025-10-01,09:18:52.000,174.8,300.0,174.55,175.05,375.0
2025-10-01,09:18:53.000,174.22,225.0,174.0,174.45,600.0
2025-10-01,09:18:54.000,174.22,225.0,174.0,174.45,600.0
2025-10-01,09:18:55.000,174.42,150.0,174.2,174.65,825.0
2025-10-01,09:18:56.000,174.42,150.0,174.2,174.65,825.0
2025-10-01,09:18:57.000,174.78,450.0,174.55,175.0,75.0
2025-10-01,09:18:58.000,173.75,75.0,173.5,174.0,300.0
2025-10-01,09:18:59.000,173.75,75.0,173.5,174.0,300.0
2025-10-01,09:19:00.000,174.32,225.0,174.2,174.45,150.0
2025-10-01,09:19:01.000,174.32,225.0,174.2,174.45,150.0
2025-10-01,09:19:02.000,173.32,300.0,173.15,173.5,75.0
2025-10-01,09:19:03.000,173.32,300.0,173.15,173.5,75.0
2025-10-01,09:19:04.000,173.58,450.0,173.4,173.75,225.0
2025-10-01,09:19:05.000,173.15,1050.0,173.0,173.3,375.0
2025-10-01,09:19:06.000,173.15,1050.0,173.0,173.3,375.0
2025-10-01,09:19:07.000,173.0,375.0,172.75,173.25,375.0
2025-10-01,09:19:08.000,173.0,375.0,172.75,173.25,375.0
2025-10-01,09:19:09.000,173.08,75.0,172.85,173.3,75.0
2025-10-01,09:19:10.000,173.1,300.0,172.8,173.4,750.0
2025-10-01,09:19:11.000,173.1,300.0,172.8,173.4,750.0
2025-10-01,09:19:12.000,172.62,375.0,172.4,172.85,600.0
2025-10-01,09:19:13.000,172.62,375.0,172.4,172.85,600.0
2025-10-01,09:19:14.000,172.68,375.0,172.45,172.9,450.0
2025-10-01,09:19:15.000,172.65,150.0,172.45,172.85,450.0
2025-10-01,09:19:16.000,172.65,150.0,172.45,172.85,450.0
2025-10-01,09:19:17.000,173.15,150.0,172.95,173.35,675.0
2025-10-01,09:19:18.000,173.15,150.0,172.95,173.35,675.0
2025-10-01,09:19:19.000,172.28,375.0,172.05,172.5,150.0
2025-10-01,09:19:20.000,171.92,300.0,171.7,172.15,450.0
2025-10-01,09:19:21.000,171.92,300.0,171.7,172.15,450.0
2025-10-01,09:19:22.000,171.42,300.0,171.2,171.65,525.0
2025-10-01,09:19:23.000,171.42,300.0,171.2,171.65,525.0
2025-10-01,09:19:24.000,171.82,225.0,171.7,171.95,300.0
2025-10-01,09:19:25.000,171.85,75.0,171.6,172.1,525.0
2025-10-01,09:19:26.000,171.85,75.0,171.6,172.1,525.0
2025-10-01,09:19:27.000,172.98,525.0,172.7,173.25,750.0
2025-10-01,09:19:28.000,172.98,525.0,172.7,173.25,750.0
2025-10-01,09:19:29.000,173.55,75.0,173.35,173.75,525.0
2025-10-01,09:19:30.000,174.23,300.0,174.05,174.4,75.0
2025-10-01,09:19:31.000,174.23,300.0,174.05,174.4,75.0
2025-10-01,09:19:32.000,173.82,225.0,173.65,174.0,150.0
2025-10-01,09:19:33.000,173.82,225.0,173.65,174.0,150.0
2025-10-01,09:19:34.000,173.85,375.0,173.7,174.0,150.0
2025-10-01,09:19:35.000,173.32,75.0,173.3,173.35,150.0
2025-10-01,09:19:36.000,173.32,75.0,173.3,173.35,150.0
2025-10-01,09:19:37.000,173.8,75.0,173.6,174.0,375.0
2025-10-01,09:19:38.000,173.8,75.0,173.6,174.0,375.0
2025-10-01,09:19:39.000,173.92,75.0,173.7,174.15,225.0
2025-10-01,09:19:40.000,174.32,225.0,174.15,174.5,225.0
2025-10-01,09:19:41.000,174.32,225.0,174.15,174.5,225.0
2025-10-01,09:19:42.000,174.35,225.0,174.05,174.65,600.0
2025-10-01,09:19:43.000,174.35,225.0,174.05,174.65,600.0
2025-10-01,09:19:44.000,174.22,75.0,174.0,174.45,525.0
2025-10-01,09:19:45.000,175.2,75.0,174.95,175.45,375.0
2025-10-01,09:19:46.000,175.2,75.0,174.95,175.45,375.0
2025-10-01,09:19:47.000,174.12,450.0,173.9,174.35,75.0
2025-10-01,09:19:48.000,174.12,450.0,173.9,174.35,75.0
2025-10-01,09:19:49.000,173.48,75.0,173.25,173.7,525.0
2025-10-01,09:19:50.000,173.42,225.0,173.25,173.6,75.0
2025-10-01,09:19:51.000,173.42,225.0,173.25,173.6,75.0
2025-10-01,09:19:52.000,172.92,300.0,172.7,173.15,75.0
2025-10-01,09:19:53.000,172.92,300.0,172.7,173.15,75.0
2025-10-01,09:19:54.000,172.5,375.0,172.3,172.7,375.0
2025-10-01,09:19:55.000,172.75,75.0,172.6,172.9,75.0
2025-10-01,09:19:56.000,172.75,75.0,172.6,172.9,75.0
2025-10-01,09:19:57.000,172.12,300.0,172.05,172.2,225.0
2025-10-01,09:19:58.000,172.12,300.0,172.05,172.2,225.0
2025-10-01,09:19:59.000,171.62,150.0,171.5,171.75,975.0
2025-10-01,09:20:00.000,170.98,375.0,170.75,171.2,75.0
2025-10-01,09:20:01.000,170.98,375.0,170.75,171.2,75.0
2025-10-01,09:20:02.000,170.58,225.0,170.35,170.8,450.0
2025-10-01,09:20:03.000,170.58,225.0,170.35,170.8,450.0
2025-10-01,09:20:04.000,170.42,300.0,170.2,170.65,75.0
2025-10-01,09:20:05.000,170.52,75.0,170.4,170.65,75.0
2025-10-01,09:20:06.000,170.52,75.0,170.4,170.65,75.0
2025-10-01,09:20:07.000,170.73,75.0,170.55,170.9,225.0
2025-10-01,09:20:08.000,170.52,300.0,170.3,170.75,75.0
2025-10-01,09:20:09.000,170.52,300.0,170.3,170.75,75.0
2025-10-01,09:20:10.000,170.48,225.0,170.25,170.7,525.0
2025-10-01,09:20:11.000,170.48,225.0,170.25,170.7,525.0
2025-10-01,09:20:12.000,169.52,225.0,169.3,169.75,300.0
2025-10-01,09:20:13.000,169.28,300.0,169.05,169.5,75.0
2025-10-01,09:20:14.000,169.28,300.0,169.05,169.5,75.0
2025-10-01,09:20:15.000,169.22,300.0,168.95,169.5,525.0
2025-10-01,09:20:16.000,169.22,300.0,168.95,169.5,525.0
2025-10-01,09:20:17.000,169.12,300.0,168.9,169.35,375.0
2025-10-01,09:20:18.000,169.38,75.0,169.15,169.6,375.0
2025-10-01,09:20:19.000,169.38,75.0,169.15,169.6,375.0
2025-10-01,09:20:20.000,167.92,450.0,167.65,168.2,225.0
2025-10-01,09:20:21.000,167.92,450.0,167.65,168.2,225.0
2025-10-01,09:20:22.000,169.3,375.0,169.05,169.55,75.0
2025-10-01,09:20:23.000,168.78,450.0,168.55,169.0,75.0
2025-10-01,09:20:24.000,168.78,450.0,168.55,169.0,75.0
2025-10-01,09:20:25.000,168.45,300.0,168.2,168.7,525.0
2025-10-01,09:20:26.000,168.45,300.0,168.2,168.7,525.0
2025-10-01,09:20:27.000,168.42,150.0,168.2,168.65,225.0
2025-10-01,09:20:28.000,168.4,450.0,168.15,168.65,150.0
2025-10-01,09:20:29.000,168.4,450.0,168.15,168.65,150.0
2025-10-01,09:20:30.000,168.8,300.0,168.6,169.0,1650.0
2025-10-01,09:20:31.000,169.55,300.0,169.35,169.75,75.0
2025-10-01,09:20:32.000,169.55,300.0,169.35,169.75,75.0
2025-10-01,09:20:33.000,170.48,900.0,170.1,170.85,300.0
2025-10-01,09:20:34.000,170.48,900.0,170.1,170.85,300.0
2025-10-01,09:20:35.000,169.95,600.0,169.7,170.2,150.0
2025-10-01,09:20:36.000,170.0,75.0,169.8,170.2,600.0
2025-10-01,09:20:37.000,170.0,75.0,169.8,170.2,600.0
2025-10-01,09:20:38.000,169.28,150.0,169.15,169.4,150.0
2025-10-01,09:20:39.000,169.28,150.0,169.15,169.4,150.0
2025-10-01,09:20:40.000,169.35,375.0,169.1,169.6,225.0
2025-10-01,09:20:41.000,170.0,225.0,169.8,170.2,525.0
2025-10-01,09:20:42.000,170.0,225.0,169.8,170.2,525.0
2025-10-01,09:20:43.000,171.18,75.0,170.95,171.4,375.0
2025-10-01,09:20:44.000,170.4,75.0,170.25,170.55,75.0
2025-10-01,09:20:45.000,170.4,75.0,170.25,170.55,75.0
2025-10-01,09:20:46.000,170.32,300.0,170.1,170.55,300.0
2025-10-01,09:20:47.000,170.32,300.0,170.1,170.55,300.0
2025-10-01,09:20:48.000,169.92,75.0,169.75,170.1,75.0
2025-10-01,09:20:49.000,171.0,75.0,170.8,171.2,525.0
2025-10-01,09:20:50.000,171.0,75.0,170.8,171.2,525.0
2025-10-01,09:20:51.000,170.62,150.0,170.45,170.8,75.0
2025-10-01,09:20:52.000,170.62,150.0,170.45,170.8,75.0
2025-10-01,09:20:53.000,170.58,75.0,170.4,170.75,75.0
2025-10-01,09:20:54.000,172.08,375.0,171.85,172.3,225.0
2025-10-01,09:20:55.000,172.08,375.0,171.85,172.3,225.0
2025-10-01,09:20:56.000,172.78,75.0,172.55,173.0,450.0
2025-10-01,09:20:57.000,172.78,75.0,172.55,173.0,450.0
2025-10-01,09:20:58.000,172.7,225.0,172.45,172.95,375.0
2025-10-01,09:20:59.000,173.52,225.0,173.4,173.65,150.0
2025-10-01,09:21:00.000,173.52,225.0,173.4,173.65,150.0
2025-10-01,09:21:01.000,172.58,225.0,172.3,172.85,75.0
2025-10-01,09:21:02.000,172.58,225.0,172.3,172.85,75.0
2025-10-01,09:21:03.000,172.12,375.0,171.9,172.35,225.0
2025-10-01,09:21:04.000,171.5,450.0,171.3,171.7,75.0
2025-10-01,09:21:05.000,171.5,450.0,171.3,171.7,75.0
2025-10-01,09:21:06.000,172.18,75.0,171.95,172.4,75.0
2025-10-01,09:21:07.000,172.18,75.0,171.95,172.4,75.0
2025-10-01,09:21:08.000,172.28,300.0,172.0,172.55,225.0
2025-10-01,09:21:09.000,172.48,225.0,172.25,172.7,525.0
2025-10-01,09:21:10.000,172.48,225.0,172.25,172.7,525.0
2025-10-01,09:21:11.000,172.65,150.0,172.35,172.95,450.0
2025-10-01,09:21:12.000,172.65,150.0,172.35,172.95,450.0
2025-10-01,09:21:13.000,172.5,75.0,172.25,172.75,450.0
2025-10-01,09:21:14.000,172.5,75.0,172.25,172.75,450.0
2025-10-01,09:21:15.000,173.1,675.0,172.8,173.4,225.0
2025-10-01,09:21:16.000,173.82,300.0,173.65,174.0,150.0
2025-10-01,09:21:17.000,173.82,300.0,173.65,174.0,150.0
2025-10-01,09:21:18.000,173.98,375.0,173.75,174.2,225.0
2025-10-01,09:21:19.000,173.98,375.0,173.75,174.2,225.0
2025-10-01,09:21:20.000,173.42,150.0,173.25,173.6,375.0
2025-10-01,09:21:21.000,173.9,75.0,173.7,174.1,375.0
2025-10-01,09:21:22.000,173.9,75.0,173.7,174.1,375.0
2025-10-01,09:21:23.000,172.4,225.0,172.2,172.6,300.0
2025-10-01,09:21:24.000,172.4,225.0,172.2,172.6,300.0
2025-10-01,09:21:25.000,172.1,150.0,171.9,172.3,525.0
2025-10-01,09:21:26.000,171.4,225.0,171.25,171.55,150.0
2025-10-01,09:21:27.000,171.4,225.0,171.25,171.55,150.0
2025-10-01,09:21:28.000,171.25,300.0,171.1,171.4,75.0
2025-10-01,09:21:29.000,171.25,300.0,171.1,171.4,75.0
2025-10-01,09:21:30.000,170.95,300.0,170.8,171.1,75.0
2025-10-01,09:21:31.000,171.4,150.0,171.2,171.6,900.0
2025-10-01,09:21:32.000,171.4,150.0,171.2,171.6,900.0
2025-10-01,09:21:33.000,171.6,450.0,171.35,171.85,75.0
2025-10-01,09:21:34.000,171.6,450.0,171.35,171.85,75.0
2025-10-01,09:21:35.000,171.92,75.0,171.75,172.1,225.0
2025-10-01,09:21:36.000,171.75,300.0,171.6,171.9,375.0
2025-10-01,09:21:37.000,171.75,300.0,171.6,171.9,375.0
2025-10-01,09:21:38.000,172.2,300.0,172.0,172.4,225.0
2025-10-01,09:21:39.000,172.2,300.0,172.0,172.4,225.0
2025-10-01,09:21:40.000,172.92,150.0,172.7,173.15,225.0
2025-10-01,09:21:41.000,172.18,225.0,171.95,172.4,225.0
2025-10-01,09:21:42.000,172.18,225.0,171.95,172.4,225.0
2025-10-01,09:21:43.000,172.4,600.0,172.2,172.6,1050.0
2025-10-01,09:21:44.000,172.42,75.0,172.25,172.6,1050.0
2025-10-01,09:21:45.000,172.42,75.0,172.25,172.6,1050.0
2025-10-01,09:21:46.000,171.78,75.0,171.55,172.0,375.0
2025-10-01,09:21:47.000,171.78,75.0,171.55,172.0,375.0
2025-10-01,09:21:48.000,172.25,75.0,172.05,172.45,450.0
2025-10-01,09:21:49.000,172.25,150.0,172.05,172.45,525.0
2025-10-01,09:21:50.000,172.25,150.0,172.05,172.45,525.0
2025-10-01,09:21:51.000,172.5,150.0,172.3,172.7,225.0
2025-10-01,09:21:52.000,172.5,150.0,172.3,172.7,225.0
2025-10-01,09:21:53.000,172.4,375.0,172.2,172.6,450.0
2025-10-01,09:21:54.000,172.08,375.0,171.9,172.25,75.0
2025-10-01,09:21:55.000,172.08,375.0,171.9,172.25,75.0
2025-10-01,09:21:56.000,172.52,75.0,172.45,172.6,75.0
2025-10-01,09:21:57.000,172.52,75.0,172.45,172.6,75.0
2025-10-01,09:21:58.000,173.78,300.0,173.55,174.0,375.0
2025-10-01,09:21:59.000,173.5,300.0,173.25,173.75,1050.0
2025-10-01,09:22:00.000,173.5,300.0,173.25,173.75,1050.0
2025-10-01,09:22:01.000,174.25,300.0,174.0,174.5,150.0
2025-10-01,09:22:02.000,174.25,300.0,174.0,174.5,150.0
2025-10-01,09:22:03.000,173.35,75.0,173.2,173.5,675.0
2025-10-01,09:22:04.000,174.42,300.0,174.2,174.65,225.0
2025-10-01,09:22:05.000,174.42,300.0,174.2,174.65,225.0
2025-10-01,09:22:06.000,174.7,300.0,174.5,174.9,75.0
2025-10-01,09:22:07.000,174.7,300.0,174.5,174.9,75.0
2025-10-01,09:22:08.000,174.45,75.0,174.3,174.6,75.0
2025-10-01,09:22:09.000,174.38,75.0,174.3,174.45,75.0
2025-10-01,09:22:10.000,174.38,75.0,174.3,174.45,75.0
2025-10-01,09:22:11.000,173.75,75.0,173.6,173.9,300.0
2025-10-01,09:22:12.000,173.75,75.0,173.6,173.9,300.0
2025-10-01,09:22:13.000,174.02,75.0,173.95,174.1,75.0
2025-10-01,09:22:14.000,174.3,75.0,174.1,174.5,300.0
2025-10-01,09:22:15.000,174.3,75.0,174.1,174.5,300.0
2025-10-01,09:22:16.000,174.82,300.0,174.65,175.0,525.0
2025-10-01,09:22:17.000,174.82,300.0,174.65,175.0,525.0
2025-10-01,09:22:18.000,174.42,75.0,174.25,174.6,225.0
2025-10-01,09:22:19.000,174.45,75.0,174.25,174.65,225.0
2025-10-01,09:22:20.000,174.45,75.0,174.25,174.65,225.0
2025-10-01,09:22:21.000,174.82,225.0,174.65,175.0,1050.0
2025-10-01,09:22:22.000,174.82,225.0,174.65,175.0,1050.0
2025-10-01,09:22:23.000,174.55,225.0,174.35,174.75,300.0
2025-10-01,09:22:24.000,174.7,75.0,174.5,174.9,300.0
2025-10-01,09:22:25.000,174.7,75.0,174.5,174.9,300.0
2025-10-01,09:22:26.000,174.65,75.0,174.5,174.8,75.0
2025-10-01,09:22:27.000,174.65,75.0,174.5,174.8,75.0
2025-10-01,09:22:28.000,174.78,525.0,174.55,175.0,675.0
2025-10-01,09:22:29.000,174.18,75.0,174.0,174.35,150.0
2025-10-01,09:22:30.000,174.18,75.0,174.0,174.35,150.0
2025-10-01,09:22:31.000,174.15,75.0,174.05,174.25,300.0
2025-10-01,09:22:32.000,174.15,75.0,174.05,174.25,300.0
2025-10-01,09:22:33.000,173.6,600.0,173.35,173.85,375.0
2025-10-01,09:22:34.000,173.5,375.0,173.3,173.7,75.0
2025-10-01,09:22:35.000,173.5,375.0,173.3,173.7,75.0
2025-10-01,09:22:36.000,173.68,225.0,173.45,173.9,300.0
2025-10-01,09:22:37.000,173.68,225.0,173.45,173.9,300.0
2025-10-01,09:22:38.000,173.27,225.0,173.1,173.45,75.0
2025-10-01,09:22:39.000,173.55,375.0,173.3,173.8,525.0
2025-10-01,09:22:40.000,173.55,375.0,173.3,173.8,525.0
2025-10-01,09:22:41.000,173.65,75.0,173.55,173.75,375.0
2025-10-01,09:22:42.000,173.65,75.0,173.55,173.75,375.0
2025-10-01,09:22:43.000,173.7,300.0,173.45,173.95,675.0
2025-10-01,09:22:44.000,173.82,300.0,173.6,174.05,375.0
2025-10-01,09:22:45.000,173.82,300.0,173.6,174.05,375.0
2025-10-01,09:22:46.000,173.8,300.0,173.55,174.05,525.0
2025-10-01,09:22:47.000,173.8,300.0,173.55,174.05,525.0
2025-10-01,09:22:48.000,174.18,75.0,174.0,174.35,375.0
2025-10-01,09:22:49.000,173.9,300.0,173.7,174.1,375.0
2025-10-01,09:22:50.000,173.9,300.0,173.7,174.1,375.0
2025-10-01,09:22:51.000,174.05,75.0,174.0,174.1,75.0
2025-10-01,09:22:52.000,174.05,75.0,174.0,174.1,75.0
2025-10-01,09:22:53.000,173.58,300.0,173.35,173.8,450.0
2025-10-01,09:22:54.000,172.98,75.0,172.8,173.15,525.0
2025-10-01,09:22:55.000,172.98,75.0,172.8,173.15,525.0
2025-10-01,09:22:56.000,173.18,150.0,173.1,173.25,750.0
2025-10-01,09:22:57.000,173.18,150.0,173.1,173.25,750.0
2025-10-01,09:22:58.000,172.48,75.0,172.35,172.6,300.0
2025-10-01,09:22:59.000,172.52,525.0,172.35,172.7,75.0
2025-10-01,09:23:00.000,172.52,525.0,172.35,172.7,75.0
2025-10-01,09:23:01.000,172.52,300.0,172.35,172.7,375.0
2025-10-01,09:23:02.000,172.52,300.0,172.35,172.7,375.0
2025-10-01,09:23:03.000,172.22,75.0,172.0,172.45,375.0
2025-10-01,09:23:04.000,172.18,75.0,172.0,172.35,600.0
2025-10-01,09:23:05.000,172.18,75.0,172.0,172.35,600.0
2025-10-01,09:23:06.000,172.25,75.0,172.15,172.35,75.0
2025-10-01,09:23:07.000,172.25,75.0,172.15,172.35,75.0
2025-10-01,09:23:08.000,172.75,525.0,172.5,173.0,150.0
2025-10-01,09:23:09.000,172.28,75.0,172.05,172.5,375.0
2025-10-01,09:23:10.000,172.28,75.0,172.05,172.5,375.0
2025-10-01,09:23:11.000,172.58,75.0,172.5,172.65,75.0
2025-10-01,09:23:12.000,172.58,75.0,172.5,172.65,75.0
2025-10-01,09:23:13.000,173.22,225.0,173.0,173.45,75.0
2025-10-01,09:23:14.000,173.32,300.0,173.1,173.55,225.0
2025-10-01,09:23:15.000,173.32,300.0,173.1,173.55,225.0
2025-10-01,09:23:16.000,174.0,75.0,173.8,174.2,75.0
2025-10-01,09:23:17.000,174.0,75.0,173.8,174.2,75.0
2025-10-01,09:23:18.000,174.62,75.0,174.35,174.9,225.0
2025-10-01,09:23:19.000,174.75,225.0,174.55,174.95,150.0
2025-10-01,09:23:20.000,174.75,225.0,174.55,174.95,150.0
2025-10-01,09:23:21.000,174.68,150.0,174.55,174.8,825.0
2025-10-01,09:23:22.000,174.68,150.0,174.55,174.8,825.0
2025-10-01,09:23:23.000,174.15,450.0,173.95,174.35,75.0
2025-10-01,09:23:24.000,174.1,750.0,173.9,174.3,75.0
2025-10-01,09:23:25.000,174.1,750.0,173.9,174.3,75.0
2025-10-01,09:23:26.000,173.05,150.0,172.85,173.25,375.0
2025-10-01,09:23:27.000,173.05,150.0,172.85,173.25,375.0
2025-10-01,09:23:28.000,172.98,75.0,172.75,173.2,225.0
2025-10-01,09:23:29.000,172.82,375.0,172.6,173.05,225.0
2025-10-01,09:23:30.000,172.82,375.0,172.6,173.05,225.0
2025-10-01,09:23:31.000,173.45,375.0,173.2,173.7,300.0
2025-10-01,09:23:32.000,173.45,375.0,173.2,173.7,300.0
2025-10-01,09:23:33.000,173.65,525.0,173.4,173.9,825.0
2025-10-01,09:23:34.000,173.7,600.0,173.55,173.85,75.0
2025-10-01,09:23:35.000,173.7,600.0,173.55,173.85,75.0
2025-10-01,09:23:36.000,173.6,450.0,173.4,173.8,375.0
2025-10-01,09:23:37.000,173.6,450.0,173.4,173.8,375.0
2025-10-01,09:23:38.000,172.22,1050.0,172.0,172.45,375.0
2025-10-01,09:23:39.000,172.2,600.0,172.0,172.4,225.0
2025-10-01,09:23:40.000,172.2,600.0,172.0,172.4,225.0
2025-10-01,09:23:41.000,172.68,225.0,172.5,172.85,450.0
2025-10-01,09:23:42.000,172.68,225.0,172.5,172.85,450.0
2025-10-01,09:23:43.000,173.22,375.0,173.1,173.35,375.0
2025-10-01,09:23:44.000,173.02,75.0,172.85,173.2,300.0
2025-10-01,09:23:45.000,173.02,75.0,172.85,173.2,300.0
2025-10-01,09:23:46.000,173.02,75.0,172.85,173.2,225.0
2025-10-01,09:23:47.000,173.02,75.0,172.85,173.2,225.0
2025-10-01,09:23:48.000,173.15,75.0,173.1,173.2,75.0
2025-10-01,09:23:49.000,173.42,75.0,173.25,173.6,225.0
2025-10-01,09:23:50.000,173.42,75.0,173.25,173.6,225.0
2025-10-01,09:23:51.000,173.6,225.0,173.45,173.75,525.0
2025-10-01,09:23:52.000,173.6,225.0,173.45,173.75,525.0
2025-10-01,09:23:53.000,174.48,225.0,174.3,174.65,1275.0
2025-10-01,09:23:54.000,175.4,225.0,175.15,175.65,450.0
2025-10-01,09:23:55.000,175.4,225.0,175.15,175.65,450.0
2025-10-01,09:23:56.000,175.45,450.0,175.2,175.7,150.0
2025-10-01,09:23:57.000,175.45,450.0,175.2,175.7,150.0
2025-10-01,09:23:58.000,175.05,75.0,174.85,175.25,75.0
2025-10-01,09:23:59.000,175.38,225.0,175.1,175.65,75.0
2025-10-01,09:24:00.000,175.38,225.0,175.1,175.65,75.0
2025-10-01,09:24:01.000,175.2,450.0,174.95,175.45,450.0
2025-10-01,09:24:02.000,175.2,450.0,174.95,175.45,450.0
2025-10-01,09:24:03.000,175.65,75.0,175.45,175.85,150.0
2025-10-01,09:24:04.000,175.98,75.0,175.75,176.2,75.0
2025-10-01,09:24:05.000,175.98,75.0,175.75,176.2,75.0
2025-10-01,09:24:06.000,175.68,150.0,175.5,175.85,75.0
2025-10-01,09:24:07.000,175.68,150.0,175.5,175.85,75.0
2025-10-01,09:24:08.000,175.92,150.0,175.7,176.15,225.0
2025-10-01,09:24:09.000,175.68,150.0,175.45,175.9,150.0
2025-10-01,09:24:10.000,175.68,150.0,175.45,175.9,150.0
2025-10-01,09:24:11.000,176.02,150.0,175.85,176.2,225.0
2025-10-01,09:24:12.000,176.02,150.0,175.85,176.2,225.0
2025-10-01,09:24:13.000,175.52,525.0,175.25,175.8,150.0
2025-10-01,09:24:14.000,175.65,150.0,175.5,175.8,75.0
2025-10-01,09:24:15.000,175.65,150.0,175.5,175.8,75.0
2025-10-01,09:24:16.000,175.32,675.0,175.2,175.45,75.0
2025-10-01,09:24:17.000,175.32,675.0,175.2,175.45,75.0
2025-10-01,09:24:18.000,175.72,375.0,175.5,175.95,225.0
2025-10-01,09:24:19.000,176.52,300.0,176.3,176.75,300.0
2025-10-01,09:24:20.000,176.52,300.0,176.3,176.75,300.0
2025-10-01,09:24:21.000,176.12,150.0,175.85,176.4,225.0
2025-10-01,09:24:22.000,176.12,150.0,175.85,176.4,225.0
2025-10-01,09:24:23.000,176.2,75.0,176.05,176.35,75.0
2025-10-01,09:24:24.000,176.22,150.0,176.0,176.45,300.0
2025-10-01,09:24:25.000,176.22,150.0,176.0,176.45,300.0
2025-10-01,09:24:26.000,176.62,75.0,176.35,176.9,225.0
2025-10-01,09:24:27.000,176.62,75.0,176.35,176.9,225.0
2025-10-01,09:24:28.000,176.5,75.0,176.3,176.7,150.0
2025-10-01,09:24:29.000,176.6,225.0,176.35,176.85,225.0
2025-10-01,09:24:30.000,176.6,225.0,176.35,176.85,225.0
2025-10-01,09:24:31.000,175.78,150.0,175.55,176.0,375.0
2025-10-01,09:24:32.000,175.78,150.0,175.55,176.0,375.0
2025-10-01,09:24:33.000,175.62,225.0,175.4,175.85,75.0
2025-10-01,09:24:34.000,175.22,1125.0,175.0,175.45,750.0
2025-10-01,09:24:35.000,175.22,1125.0,175.0,175.45,750.0
2025-10-01,09:24:36.000,174.72,75.0,174.5,174.95,600.0
2025-10-01,09:24:37.000,174.72,75.0,174.5,174.95,600.0
2025-10-01,09:24:38.000,174.48,75.0,174.25,174.7,375.0
2025-10-01,09:24:39.000,174.6,450.0,174.4,174.8,75.0
2025-10-01,09:24:40.000,174.6,450.0,174.4,174.8,75.0
2025-10-01,09:24:41.000,174.08,75.0,173.9,174.25,450.0
2025-10-01,09:24:42.000,174.08,75.0,173.9,174.25,450.0
2025-10-01,09:24:43.000,174.65,525.0,174.5,174.8,150.0
2025-10-01,09:24:44.000,175.32,225.0,175.15,175.5,225.0
2025-10-01,09:24:45.000,175.32,225.0,175.15,175.5,225.0
2025-10-01,09:24:46.000,175.02,75.0,174.95,175.1,75.0
2025-10-01,09:24:47.000,175.02,75.0,174.95,175.1,75.0
2025-10-01,09:24:48.000,175.05,75.0,174.9,175.2,75.0
2025-10-01,09:24:49.000,175.6,750.0,175.4,175.8,75.0
2025-10-01,09:24:50.000,175.6,750.0,175.4,175.8,75.0
2025-10-01,09:24:51.000,176.1,75.0,176.05,176.15,75.0
2025-10-01,09:24:52.000,176.62,300.0,176.4,176.85,375.0
2025-10-01,09:24:53.000,176.62,300.0,176.4,176.85,375.0
2025-10-01,09:24:54.000,177.08,225.0,176.85,177.3,525.0
2025-10-01,09:24:55.000,177.08,225.0,176.85,177.3,525.0
2025-10-01,09:24:56.000,177.05,300.0,176.85,177.25,225.0
2025-10-01,09:24:57.000,176.15,75.0,175.95,176.35,150.0
2025-10-01,09:24:58.000,176.15,75.0,175.95,176.35,150.0
2025-10-01,09:24:59.000,177.25,75.0,177.1,177.4,75.0
2025-10-01,09:25:00.000,177.25,75.0,177.1,177.4,75.0
2025-10-01,09:25:01.000,177.25,225.0,177.05,177.45,75.0
2025-10-01,09:25:02.000,177.08,150.0,176.85,177.3,375.0
2025-10-01,09:25:03.000,177.08,150.0,176.85,177.3,375.0
2025-10-01,09:25:04.000,177.82,525.0,177.65,178.0,600.0
2025-10-01,09:25:05.000,177.82,525.0,177.65,178.0,600.0
2025-10-01,09:25:06.000,177.3,375.0,177.1,177.5,150.0
2025-10-01,09:25:07.000,176.25,150.0,176.0,176.5,225.0
2025-10-01,09:25:08.000,176.25,150.0,176.0,176.5,225.0
2025-10-01,09:25:09.000,176.65,450.0,176.4,176.9,75.0
2025-10-01,09:25:10.000,176.65,450.0,176.4,176.9,75.0
2025-10-01,09:25:11.000,177.3,150.0,177.1,177.5,225.0
2025-10-01,09:25:12.000,177.68,75.0,177.4,177.95,600.0
2025-10-01,09:25:13.000,177.68,75.0,177.4,177.95,600.0
2025-10-01,09:25:14.000,177.8,75.0,177.6,178.0,750.0
2025-10-01,09:25:15.000,177.8,75.0,177.6,178.0,750.0
2025-10-01,09:25:16.000,178.3,225.0,178.1,178.5,150.0
2025-10-01,09:25:17.000,178.02,150.0,177.9,178.15,225.0
2025-10-01,09:25:18.000,178.02,150.0,177.9,178.15,225.0
2025-10-01,09:25:19.000,178.27,150.0,178.1,178.45,450.0
2025-10-01,09:25:20.000,178.27,150.0,178.1,178.45,450.0
2025-10-01,09:25:21.000,178.18,75.0,178.0,178.35,300.0
2025-10-01,09:25:22.000,177.75,300.0,177.55,177.95,75.0
2025-10-01,09:25:23.000,177.75,300.0,177.55,177.95,75.0
2025-10-01,09:25:24.000,178.28,225.0,178.05,178.5,225.0
2025-10-01,09:25:25.000,178.28,225.0,178.05,178.5,225.0
2025-10-01,09:25:26.000,177.68,75.0,177.45,177.9,300.0
2025-10-01,09:25:27.000,177.58,150.0,177.4,177.75,75.0
2025-10-01,09:25:28.000,177.58,150.0,177.4,177.75,75.0
2025-10-01,09:25:29.000,177.7,225.0,177.45,177.95,450.0
2025-10-01,09:25:30.000,177.7,225.0,177.45,177.95,450.0
2025-10-01,09:25:31.000,177.08,600.0,176.85,177.3,75.0
2025-10-01,09:25:32.000,177.08,600.0,176.85,177.3,75.0
2025-10-01,09:25:33.000,177.02,75.0,176.8,177.25,225.0
2025-10-01,09:25:34.000,177.55,75.0,177.3,177.8,225.0
2025-10-01,09:25:35.000,177.55,75.0,177.3,177.8,225.0
2025-10-01,09:25:36.000,177.85,75.0,177.65,178.05,750.0
2025-10-01,09:25:37.000,177.85,75.0,177.65,178.05,750.0
2025-10-01,09:25:38.000,177.75,375.0,177.6,177.9,75.0
2025-10-01,09:25:39.000,178.78,300.0,178.55,179.0,75.0
2025-10-01,09:25:40.000,178.78,300.0,178.55,179.0,75.0
2025-10-01,09:25:41.000,179.02,525.0,178.75,179.3,75.0
2025-10-01,09:25:42.000,179.02,525.0,178.75,179.3,75.0
2025-10-01,09:25:43.000,179.12,150.0,178.9,179.35,150.0
2025-10-01,09:25:44.000,178.8,75.0,178.6,179.0,150.0
2025-10-01,09:25:45.000,178.8,75.0,178.6,179.0,150.0
2025-10-01,09:25:46.000,178.22,150.0,178.0,178.45,75.0
2025-10-01,09:25:47.000,178.22,150.0,178.0,178.45,75.0
2025-10-01,09:25:48.000,178.88,375.0,178.65,179.1,75.0
2025-10-01,09:25:49.000,179.15,75.0,178.95,179.35,75.0
2025-10-01,09:25:50.000,179.15,75.0,178.95,179.35,75.0
2025-10-01,09:25:51.000,178.98,300.0,178.8,179.15,75.0
2025-10-01,09:25:52.000,178.98,300.0,178.8,179.15,75.0
2025-10-01,09:25:53.000,178.45,450.0,178.2,178.7,150.0
2025-10-01,09:25:54.000,178.58,75.0,178.35,178.8,2475.0
2025-10-01,09:25:55.000,178.58,75.0,178.35,178.8,2475.0
2025-10-01,09:25:56.000,178.4,75.0,178.2,178.6,225.0
2025-10-01,09:25:57.000,178.4,75.0,178.2,178.6,225.0
2025-10-01,09:25:58.000,177.65,75.0,177.4,177.9,225.0
2025-10-01,09:25:59.000,177.4,300.0,177.2,177.6,75.0
2025-10-01,09:26:00.000,177.4,300.0,177.2,177.6,75.0
2025-10-01,09:26:01.000,177.35,300.0,177.1,177.6,600.0
2025-10-01,09:26:02.000,177.35,300.0,177.1,177.6,600.0
2025-10-01,09:26:03.000,177.32,75.0,177.15,177.5,375.0
2025-10-01,09:26:04.000,177.35,75.0,177.15,177.55,75.0
2025-10-01,09:26:05.000,177.35,75.0,177.15,177.55,75.0
2025-10-01,09:26:06.000,176.3,75.0,176.15,176.45,150.0
2025-10-01,09:26:07.000,176.3,75.0,176.15,176.45,150.0
2025-10-01,09:26:08.000,176.1,150.0,175.9,176.3,225.0
2025-10-01,09:26:09.000,176.15,225.0,176.0,176.3,225.0
2025-10-01,09:26:10.000,176.15,225.0,176.0,176.3,225.0
2025-10-01,09:26:11.000,175.85,75.0,175.7,176.0,225.0
2025-10-01,09:26:12.000,175.85,75.0,175.7,176.0,225.0
2025-10-01,09:26:13.000,175.78,75.0,175.65,175.9,75.0
2025-10-01,09:26:14.000,174.75,75.0,174.6,174.9,450.0
2025-10-01,09:26:15.000,174.75,75.0,174.6,174.9,450.0
2025-10-01,09:26:16.000,174.7,150.0,174.5,174.9,225.0
2025-10-01,09:26:17.000,174.7,150.0,174.5,174.9,225.0
2025-10-01,09:26:18.000,174.58,525.0,174.3,174.85,150.0
2025-10-01,09:26:19.000,175.85,75.0,175.65,176.05,75.0
2025-10-01,09:26:20.000,175.85,75.0,175.65,176.05,75.0
2025-10-01,09:26:21.000,176.5,300.0,176.3,176.7,600.0
2025-10-01,09:26:22.000,176.5,300.0,176.3,176.7,600.0
2025-10-01,09:26:23.000,176.5,450.0,176.25,176.75,225.0
2025-10-01,09:26:24.000,176.45,300.0,176.2,176.7,450.0
2025-10-01,09:26:25.000,176.45,300.0,176.2,176.7,450.0
2025-10-01,09:26:26.000,176.88,225.0,176.65,177.1,525.0
2025-10-01,09:26:27.000,176.88,225.0,176.65,177.1,525.0
2025-10-01,09:26:28.000,177.05,150.0,176.8,177.3,75.0
2025-10-01,09:26:29.000,176.38,450.0,176.15,176.6,225.0
2025-10-01,09:26:30.000,176.38,450.0,176.15,176.6,225.0
2025-10-01,09:26:31.000,176.65,300.0,176.4,176.9,75.0
2025-10-01,09:26:32.000,176.65,300.0,176.4,176.9,75.0
2025-10-01,09:26:33.000,176.9,75.0,176.7,177.1,75.0
2025-10-01,09:26:34.000,176.4,75.0,176.2,176.6,225.0
2025-10-01,09:26:35.000,176.4,75.0,176.2,176.6,225.0
2025-10-01,09:26:36.000,176.48,75.0,176.3,176.65,225.0
2025-10-01,09:26:37.000,176.48,75.0,176.3,176.65,225.0
2025-10-01,09:26:38.000,176.75,75.0,176.6,176.9,300.0
2025-10-01,09:26:39.000,176.7,150.0,176.5,176.9,225.0
2025-10-01,09:26:40.000,176.7,150.0,176.5,176.9,225.0
2025-10-01,09:26:41.000,177.0,150.0,176.9,177.1,1275.0
2025-10-01,09:26:42.000,177.0,150.0,176.9,177.1,1275.0
2025-10-01,09:26:43.000,178.2,225.0,178.0,178.4,150.0
2025-10-01,09:26:44.000,178.02,375.0,177.8,178.25,75.0
2025-10-01,09:26:45.000,178.02,375.0,177.8,178.25,75.0
2025-10-01,09:26:46.000,177.58,225.0,177.4,177.75,75.0
2025-10-01,09:26:47.000,177.58,225.0,177.4,177.75,75.0
2025-10-01,09:26:48.000,177.27,75.0,177.1,177.45,75.0
2025-10-01,09:26:49.000,177.75,75.0,177.55,177.95,75.0
2025-10-01,09:26:50.000,177.75,75.0,177.55,177.95,75.0
2025-10-01,09:26:51.000,178.3,375.0,178.05,178.55,75.0
2025-10-01,09:26:52.000,178.3,375.0,178.05,178.55,75.0
2025-10-01,09:26:53.000,178.08,75.0,177.9,178.25,600.0
2025-10-01,09:26:54.000,178.0,75.0,177.8,178.2,300.0
2025-10-01,09:26:55.000,178.0,75.0,177.8,178.2,300.0
2025-10-01,09:26:56.000,178.25,75.0,178.1,178.4,225.0
2025-10-01,09:26:57.000,178.25,75.0,178.1,178.4,225.0
2025-10-01,09:26:58.000,177.88,225.0,177.6,178.15,375.0
2025-10-01,09:26:59.000,177.77,75.0,177.6,177.95,75.0
2025-10-01,09:27:00.000,177.77,75.0,177.6,177.95,75.0
2025-10-01,09:27:01.000,178.28,375.0,178.05,178.5,225.0
2025-10-01,09:27:02.000,178.28,375.0,178.05,178.5,225.0
2025-10-01,09:27:03.000,178.18,75.0,177.95,178.4,450.0
2025-10-01,09:27:04.000,177.68,225.0,177.5,177.85,150.0
2025-10-01,09:27:05.000,177.68,225.0,177.5,177.85,150.0
2025-10-01,09:27:06.000,177.35,375.0,177.1,177.6,300.0
2025-10-01,09:27:07.000,177.35,375.0,177.1,177.6,300.0
2025-10-01,09:27:08.000,177.82,150.0,177.65,178.0,75.0
2025-10-01,09:27:09.000,177.88,375.0,177.6,178.15,75.0
2025-10-01,09:27:10.000,177.88,375.0,177.6,178.15,75.0
2025-10-01,09:27:11.000,178.3,450.0,178.1,178.5,600.0
2025-10-01,09:27:12.000,178.3,450.0,178.1,178.5,600.0
2025-10-01,09:27:13.000,178.18,75.0,177.95,178.4,300.0
2025-10-01,09:27:14.000,178.02,75.0,177.9,178.15,300.0
2025-10-01,09:27:15.000,178.02,75.0,177.9,178.15,300.0
2025-10-01,09:27:16.000,178.32,150.0,178.15,178.5,525.0
2025-10-01,09:27:17.000,178.32,150.0,178.15,178.5,525.0
2025-10-01,09:27:18.000,178.3,300.0,178.1,178.5,450.0
2025-10-01,09:27:19.000,177.52,75.0,177.3,177.75,300.0
2025-10-01,09:27:20.000,177.52,75.0,177.3,177.75,300.0
2025-10-01,09:27:21.000,177.8,225.0,177.6,178.0,225.0
2025-10-01,09:27:22.000,177.8,225.0,177.6,178.0,225.0
2025-10-01,09:27:23.000,177.62,75.0,177.5,177.75,225.0
2025-10-01,09:27:24.000,177.38,375.0,177.2,177.55,75.0
2025-10-01,09:27:25.000,177.38,375.0,177.2,177.55,75.0
2025-10-01,09:27:26.000,176.82,450.0,176.6,177.05,75.0
2025-10-01,09:27:27.000,176.82,450.0,176.6,177.05,75.0
2025-10-01,09:27:28.000,177.75,300.0,177.55,177.95,300.0
2025-10-01,09:27:29.000,178.02,300.0,177.8,178.25,225.0
2025-10-01,09:27:30.000,178.02,300.0,177.8,178.25,225.0
2025-10-01,09:27:31.000,179.25,225.0,179.0,179.5,375.0
2025-10-01,09:27:32.000,179.25,225.0,179.0,179.5,375.0
2025-10-01,09:27:33.000,178.78,450.0,178.55,179.0,150.0
2025-10-01,09:27:34.000,178.65,225.0,178.4,178.9,300.0
2025-10-01,09:27:35.000,178.65,225.0,178.4,178.9,300.0
2025-10-01,09:27:36.000,178.68,525.0,178.45,178.9,450.0
2025-10-01,09:27:37.000,178.68,525.0,178.45,178.9,450.0
2025-10-01,09:27:38.000,178.35,750.0,178.05,178.65,225.0
2025-10-01,09:27:39.000,178.18,375.0,177.9,178.45,225.0
2025-10-01,09:27:40.000,178.18,375.0,177.9,178.45,225.0
2025-10-01,09:27:41.000,177.55,450.0,177.3,177.8,300.0
2025-10-01,09:27:42.000,177.55,450.0,177.3,177.8,300.0
2025-10-01,09:27:43.000,177.48,150.0,177.25,177.7,300.0
2025-10-01,09:27:44.000,177.85,225.0,177.65,178.05,75.0
2025-10-01,09:27:45.000,177.85,225.0,177.65,178.05,75.0
2025-10-01,09:27:46.000,177.55,225.0,177.3,177.8,600.0
2025-10-01,09:27:47.000,177.55,225.0,177.3,177.8,600.0
2025-10-01,09:27:48.000,177.7,450.0,177.45,177.95,750.0
2025-10-01,09:27:49.000,177.75,450.0,177.5,178.0,375.0
2025-10-01,09:27:50.000,177.75,450.0,177.5,178.0,375.0
2025-10-01,09:27:51.000,177.92,150.0,177.7,178.15,375.0
2025-10-01,09:27:52.000,177.92,150.0,177.7,178.15,375.0
2025-10-01,09:27:53.000,177.58,450.0,177.4,177.75,225.0
2025-10-01,09:27:54.000,177.65,375.0,177.4,177.9,675.0
2025-10-01,09:27:55.000,177.65,375.0,177.4,177.9,675.0
2025-10-01,09:27:56.000,177.58,375.0,177.35,177.8,375.0
2025-10-01,09:27:57.000,177.58,375.0,177.35,177.8,375.0
2025-10-01,09:27:58.000,177.02,225.0,176.8,177.25,525.0
2025-10-01,09:27:59.000,177.02,225.0,176.8,177.25,375.0
2025-10-01,09:28:00.000,177.02,225.0,176.8,177.25,375.0
2025-10-01,09:28:01.000,177.68,1425.0,177.4,177.95,525.0
2025-10-01,09:28:02.000,177.68,1425.0,177.4,177.95,525.0
2025-10-01,09:28:03.000,177.98,300.0,177.75,178.2,300.0
2025-10-01,09:28:04.000,178.0,150.0,177.8,178.2,825.0
2025-10-01,09:28:05.000,178.0,150.0,177.8,178.2,825.0
2025-10-01,09:28:06.000,177.9,150.0,177.65,178.15,450.0
2025-10-01,09:28:07.000,177.9,150.0,177.65,178.15,450.0
2025-10-01,09:28:08.000,178.35,525.0,178.1,178.6,900.0
2025-10-01,09:28:09.000,178.2,375.0,178.0,178.4,450.0
2025-10-01,09:28:10.000,178.2,375.0,178.0,178.4,450.0
2025-10-01,09:28:11.000,178.23,525.0,178.15,178.3,675.0
2025-10-01,09:28:12.000,178.23,525.0,178.15,178.3,675.0
2025-10-01,09:28:13.000,178.6,375.0,178.4,178.8,525.0
2025-10-01,09:28:14.000,178.5,375.0,178.3,178.7,375.0
2025-10-01,09:28:15.000,178.5,375.0,178.3,178.7,375.0
2025-10-01,09:28:16.000,177.88,150.0,177.7,178.05,225.0
2025-10-01,09:28:17.000,177.88,150.0,177.7,178.05,225.0
2025-10-01,09:28:18.000,178.48,675.0,178.25,178.7,525.0
2025-10-01,09:28:19.000,177.95,75.0,177.75,178.15,75.0
2025-10-01,09:28:20.000,177.95,75.0,177.75,178.15,75.0
2025-10-01,09:28:21.000,177.62,1125.0,177.4,177.85,375.0
2025-10-01,09:28:22.000,177.62,1125.0,177.4,177.85,375.0
2025-10-01,09:28:23.000,178.08,825.0,177.8,178.35,300.0
2025-10-01,09:28:24.000,178.75,600.0,178.55,178.95,75.0
2025-10-01,09:28:25.000,178.75,600.0,178.55,178.95,75.0
2025-10-01,09:28:26.000,178.75,375.0,178.55,178.95,75.0
2025-10-01,09:28:27.000,178.75,375.0,178.55,178.95,75.0
2025-10-01,09:28:28.000,178.98,375.0,178.75,179.2,375.0
2025-10-01,09:28:29.000,178.9,225.0,178.65,179.15,375.0
2025-10-01,09:28:30.000,178.9,225.0,178.65,179.15,375.0
2025-10-01,09:28:31.000,179.6,600.0,179.4,179.8,75.0
2025-10-01,09:28:32.000,179.6,600.0,179.4,179.8,75.0
2025-10-01,09:28:33.000,179.1,600.0,178.85,179.35,750.0
2025-10-01,09:28:34.000,179.32,750.0,179.1,179.55,375.0
2025-10-01,09:28:35.000,179.32,750.0,179.1,179.55,375.0
2025-10-01,09:28:36.000,179.72,150.0,179.6,179.85,525.0
2025-10-01,09:28:37.000,179.72,150.0,179.6,179.85,525.0
2025-10-01,09:28:38.000,179.72,225.0,179.5,179.95,525.0
2025-10-01,09:28:39.000,179.32,150.0,179.15,179.5,150.0
2025-10-01,09:28:40.000,179.32,150.0,179.15,179.5,150.0
2025-10-01,09:28:41.000,179.3,225.0,179.1,179.5,600.0
2025-10-01,09:28:42.000,179.3,225.0,179.1,179.5,600.0
2025-10-01,09:28:43.000,179.08,600.0,178.85,179.3,450.0
2025-10-01,09:28:44.000,179.22,75.0,179.0,179.45,375.0
2025-10-01,09:28:45.000,179.22,75.0,179.0,179.45,375.0
2025-10-01,09:28:46.000,179.25,225.0,179.05,179.45,375.0
2025-10-01,09:28:47.000,179.25,225.0,179.05,179.45,375.0
2025-10-01,09:28:48.000,179.32,825.0,179.1,179.55,525.0
2025-10-01,09:28:49.000,178.92,675.0,178.65,179.2,750.0
2025-10-01,09:28:50.000,178.92,675.0,178.65,179.2,750.0
2025-10-01,09:28:51.000,178.5,450.0,178.25,178.75,225.0
2025-10-01,09:28:52.000,178.5,450.0,178.25,178.75,225.0
2025-10-01,09:28:53.000,178.42,600.0,178.2,178.65,375.0
2025-10-01,09:28:54.000,179.1,450.0,178.85,179.35,675.0
2025-10-01,09:28:55.000,179.1,450.0,178.85,179.35,675.0
2025-10-01,09:28:56.000,178.85,525.0,178.6,179.1,375.0
2025-10-01,09:28:57.000,178.85,525.0,178.6,179.1,375.0
2025-10-01,09:28:58.000,178.98,600.0,178.7,179.25,600.0
2025-10-01,09:28:59.000,178.38,675.0,178.15,178.6,375.0
2025-10-01,09:29:00.000,178.38,675.0,178.15,178.6,375.0
2025-10-01,09:29:01.000,178.65,525.0,178.4,178.9,375.0
2025-10-01,09:29:02.000,178.65,525.0,178.4,178.9,375.0
2025-10-01,09:29:03.000,178.35,450.0,178.15,178.55,75.0
2025-10-01,09:29:04.000,178.68,300.0,178.45,178.9,375.0
2025-10-01,09:29:05.000,178.68,300.0,178.45,178.9,375.0
2025-10-01,09:29:06.000,178.7,75.0,178.5,178.9,525.0
2025-10-01,09:29:07.000,178.7,75.0,178.5,178.9,525.0
2025-10-01,09:29:08.000,178.68,300.0,178.45,178.9,375.0
2025-10-01,09:29:09.000,178.45,300.0,178.25,178.65,225.0
2025-10-01,09:29:10.000,178.45,300.0,178.25,178.65,225.0
2025-10-01,09:29:11.000,178.52,300.0,178.35,178.7,225.0
2025-10-01,09:29:12.000,178.52,300.0,178.35,178.7,225.0
2025-10-01,09:29:13.000,178.3,300.0,178.05,178.55,1125.0
2025-10-01,09:29:14.000,178.45,75.0,178.25,178.65,375.0
2025-10-01,09:29:15.000,178.45,75.0,178.25,178.65,375.0
2025-10-01,09:29:16.000,177.92,75.0,177.65,178.2,525.0
2025-10-01,09:29:17.000,177.92,75.0,177.65,178.2,525.0
2025-10-01,09:29:18.000,177.5,375.0,177.3,177.7,375.0
2025-10-01,09:29:19.000,177.78,1050.0,177.55,178.0,900.0
2025-10-01,09:29:20.000,177.78,1050.0,177.55,178.0,900.0
2025-10-01,09:29:21.000,177.82,675.0,177.6,178.05,525.0
2025-10-01,09:29:22.000,177.82,675.0,177.6,178.05,525.0
2025-10-01,09:29:23.000,179.5,150.0,179.3,179.7,375.0
2025-10-01,09:29:24.000,179.12,75.0,178.9,179.35,75.0
2025-10-01,09:29:25.000,179.12,75.0,178.9,179.35,75.0
2025-10-01,09:29:26.000,179.65,75.0,179.5,179.8,525.0
2025-10-01,09:29:27.000,179.65,75.0,179.5,179.8,525.0
2025-10-01,09:29:28.000,178.8,525.0,178.7,178.9,75.0
2025-10-01,09:29:29.000,179.15,750.0,178.9,179.4,525.0
2025-10-01,09:29:30.000,179.15,750.0,178.9,179.4,525.0
2025-10-01,09:29:31.000,179.28,600.0,179.05,179.5,600.0
2025-10-01,09:29:32.000,179.28,600.0,179.05,179.5,600.0
2025-10-01,09:29:33.000,179.3,525.0,179.05,179.55,750.0
2025-10-01,09:29:34.000,179.18,225.0,178.95,179.4,375.0
2025-10-01,09:29:35.000,179.18,225.0,178.95,179.4,375.0
2025-10-01,09:29:36.000,179.48,225.0,179.25,179.7,975.0
2025-10-01,09:29:37.000,179.48,225.0,179.25,179.7,975.0
2025-10-01,09:29:38.000,179.55,375.0,179.3,179.8,825.0
2025-10-01,09:29:39.000,179.75,525.0,179.6,179.9,1800.0
2025-10-01,09:29:40.000,179.75,525.0,179.6,179.9,1800.0
2025-10-01,09:29:41.000,180.05,75.0,179.95,180.15,375.0
2025-10-01,09:29:42.000,180.05,75.0,179.95,180.15,375.0
2025-10-01,09:29:43.000,179.2,675.0,179.05,179.35,75.0
2025-10-01,09:29:44.000,179.55,525.0,179.35,179.75,300.0
2025-10-01,09:29:45.000,179.55,525.0,179.35,179.75,300.0
2025-10-01,09:29:46.000,179.32,450.0,179.1,179.55,75.0
2025-10-01,09:29:47.000,179.32,450.0,179.1,179.55,75.0
2025-10-01,09:29:48.000,179.22,375.0,179.0,179.45,450.0
2025-10-01,09:29:49.000,179.22,375.0,179.0,179.45,450.0
2025-10-01,09:29:50.000,178.28,525.0,178.05,178.5,300.0
2025-10-01,09:29:51.000,178.58,375.0,178.35,178.8,225.0
2025-10-01,09:29:52.000,178.58,375.0,178.35,178.8,225.0
2025-10-01,09:29:53.000,178.65,600.0,178.4,178.9,375.0
2025-10-01,09:29:54.000,178.65,600.0,178.4,178.9,375.0
2025-10-01,09:29:55.000,179.12,1500.0,178.85,179.4,525.0
2025-10-01,09:29:56.000,179.28,375.0,179.05,179.5,150.0
2025-10-01,09:29:57.000,179.28,375.0,179.05,179.5,150.0
2025-10-01,09:29:58.000,179.6,1050.0,179.35,179.85,150.0
2025-10-01,09:29:59.000,179.6,1050.0,179.35,179.85,150.0
2025-10-01,09:30:00.000,179.18,675.0,178.9,179.45,150.0
2025-10-01,09:30:01.000,178.82,300.0,178.6,179.05,375.0
2025-10-01,09:30:02.000,178.82,300.0,178.6,179.05,375.0
2025-10-01,09:30:03.000,179.62,75.0,179.5,179.75,750.0
2025-10-01,09:30:04.000,179.62,75.0,179.5,179.75,750.0
2025-10-01,09:30:05.000,179.5,150.0,179.3,179.7,225.0
2025-10-01,09:30:06.000,179.77,75.0,179.6,179.95,75.0
2025-10-01,09:30:07.000,179.77,75.0,179.6,179.95,75.0
2025-10-01,09:30:08.000,180.2,75.0,180.0,180.4,375.0
2025-10-01,09:30:09.000,180.2,75.0,180.0,180.4,375.0
2025-10-01,09:30:10.000,179.78,300.0,179.55,180.0,1275.0
2025-10-01,09:30:11.000,179.82,300.0,179.65,180.0,150.0
2025-10-01,09:30:12.000,179.82,300.0,179.65,180.0,150.0
2025-10-01,09:30:13.000,178.82,225.0,178.7,178.95,2400.0
2025-10-01,09:30:14.000,178.82,225.0,178.7,178.95,2400.0
2025-10-01,09:30:15.000,178.3,150.0,178.1,178.5,75.0
2025-10-01,09:30:16.000,178.12,1050.0,178.0,178.25,525.0
2025-10-01,09:30:17.000,178.12,1050.0,178.0,178.25,525.0
2025-10-01,09:30:18.000,178.42,225.0,178.2,178.65,375.0
2025-10-01,09:30:19.000,178.42,225.0,178.2,178.65,375.0
2025-10-01,09:30:20.000,178.18,975.0,178.0,178.35,825.0
2025-10-01,09:30:21.000,178.02,75.0,177.8,178.25,600.0
2025-10-01,09:30:22.000,178.02,75.0,177.8,178.25,600.0
2025-10-01,09:30:23.000,177.9,525.0,177.65,178.15,675.0
2025-10-01,09:30:24.000,177.9,525.0,177.65,178.15,675.0
2025-10-01,09:30:25.000,177.35,525.0,177.1,177.6,375.0
2025-10-01,09:30:26.000,177.75,225.0,177.55,177.95,300.0
2025-10-01,09:30:27.000,177.75,225.0,177.55,177.95,300.0
2025-10-01,09:30:28.000,176.98,525.0,176.75,177.2,750.0
2025-10-01,09:30:29.000,176.98,525.0,176.75,177.2,750.0
2025-10-01,09:30:30.000,176.92,150.0,176.75,177.1,75.0
2025-10-01,09:30:31.000,177.55,675.0,177.25,177.85,825.0
2025-10-01,09:30:32.000,177.55,675.0,177.25,177.85,825.0
2025-10-01,09:30:33.000,177.28,750.0,177.05,177.5,225.0
2025-10-01,09:30:34.000,177.28,750.0,177.05,177.5,225.0
2025-10-01,09:30:35.000,177.82,300.0,177.6,178.05,525.0
2025-10-01,09:30:36.000,178.12,300.0,177.9,178.35,750.0
2025-10-01,09:30:37.000,178.12,300.0,177.9,178.35,750.0
2025-10-01,09:30:38.000,178.42,225.0,178.2,178.65,225.0
2025-10-01,09:30:39.000,178.42,225.0,178.2,178.65,225.0
2025-10-01,09:30:40.000,178.32,525.0,178.1,178.55,375.0
2025-10-01,09:30:41.000,179.28,225.0,179.05,179.5,75.0
2025-10-01,09:30:42.000,179.28,225.0,179.05,179.5,75.0
2025-10-01,09:30:43.000,179.58,150.0,179.35,179.8,75.0
2025-10-01,09:30:44.000,179.4,150.0,179.15,179.65,225.0
2025-10-01,09:30:45.000,179.4,150.0,179.15,179.65,225.0
2025-10-01,09:30:46.000,179.42,150.0,179.15,179.7,675.0
2025-10-01,09:30:47.000,179.42,150.0,179.15,179.7,675.0
2025-10-01,09:30:48.000,180.1,450.0,179.85,180.35,675.0
2025-10-01,09:30:49.000,180.32,225.0,180.2,180.45,75.0
2025-10-01,09:30:50.000,180.32,225.0,180.2,180.45,75.0
2025-10-01,09:30:51.000,179.68,75.0,179.45,179.9,375.0
2025-10-01,09:30:52.000,179.68,75.0,179.45,179.9,375.0
2025-10-01,09:30:53.000,179.7,450.0,179.4,180.0,750.0
2025-10-01,09:30:54.000,179.72,225.0,179.5,179.95,75.0
2025-10-01,09:30:55.000,179.72,225.0,179.5,179.95,75.0
2025-10-01,09:30:56.000,179.9,75.0,179.8,180.0,75.0
2025-10-01,09:30:57.000,179.9,75.0,179.8,180.0,75.0
2025-10-01,09:30:58.000,179.6,75.0,179.45,179.75,75.0
2025-10-01,09:30:59.000,179.8,75.0,179.6,180.0,225.0
2025-10-01,09:31:00.000,179.8,75.0,179.6,180.0,225.0
2025-10-01,09:31:01.000,179.6,75.0,179.45,179.75,225.0
2025-10-01,09:31:02.000,179.6,75.0,179.45,179.75,225.0
2025-10-01,09:31:03.000,179.9,600.0,179.8,180.0,75.0
2025-10-01,09:31:04.000,180.1,450.0,179.85,180.35,1125.0
2025-10-01,09:31:05.000,180.1,450.0,179.85,180.35,1125.0
2025-10-01,09:31:06.000,180.0,375.0,179.75,180.25,300.0
2025-10-01,09:31:07.000,180.0,375.0,179.75,180.25,300.0
2025-10-01,09:31:08.000,179.7,300.0,179.45,179.95,225.0
2025-10-01,09:31:09.000,178.98,150.0,178.75,179.2,75.0
2025-10-01,09:31:10.000,178.98,150.0,178.75,179.2,75.0
2025-10-01,09:31:11.000,178.62,300.0,178.4,178.85,900.0
2025-10-01,09:31:12.000,178.62,300.0,178.4,178.85,900.0
2025-10-01,09:31:13.000,179.2,225.0,179.0,179.4,225.0
2025-10-01,09:31:14.000,179.45,525.0,179.2,179.7,750.0
2025-10-01,09:31:15.000,179.45,525.0,179.2,179.7,750.0
2025-10-01,09:31:16.000,179.45,75.0,179.25,179.65,450.0
2025-10-01,09:31:17.000,179.45,75.0,179.25,179.65,450.0
2025-10-01,09:31:18.000,179.0,450.0,178.85,179.15,225.0
2025-10-01,09:31:19.000,179.4,225.0,179.2,179.6,75.0
2025-10-01,09:31:20.000,179.4,225.0,179.2,179.6,75.0
2025-10-01,09:31:21.000,179.12,825.0,179.0,179.25,75.0
2025-10-01,09:31:22.000,179.12,825.0,179.0,179.25,75.0
2025-10-01,09:31:23.000,179.18,750.0,179.0,179.35,75.0
2025-10-01,09:31:24.000,179.4,75.0,179.3,179.5,75.0
2025-10-01,09:31:25.000,179.4,75.0,179.3,179.5,75.0
2025-10-01,09:31:26.000,179.4,75.0,179.3,179.5,675.0
2025-10-01,09:31:27.000,179.4,75.0,179.3,179.5,675.0
2025-10-01,09:31:28.000,178.25,300.0,178.1,178.4,75.0
2025-10-01,09:31:29.000,178.22,1050.0,178.0,178.45,75.0
2025-10-01,09:31:30.000,178.22,1050.0,178.0,178.45,75.0
2025-10-01,09:31:31.000,178.32,75.0,178.2,178.45,975.0
2025-10-01,09:31:32.000,178.32,75.0,178.2,178.45,975.0
2025-10-01,09:31:33.000,178.27,75.0,178.2,178.35,525.0
2025-10-01,09:31:34.000,178.5,75.0,178.3,178.7,450.0
2025-10-01,09:31:35.000,178.5,75.0,178.3,178.7,450.0
2025-10-01,09:31:36.000,178.52,225.0,178.3,178.75,300.0
2025-10-01,09:31:37.000,178.52,225.0,178.3,178.75,300.0
2025-10-01,09:31:38.000,179.22,450.0,179.0,179.45,150.0
2025-10-01,09:31:39.000,178.95,300.0,178.75,179.15,75.0
2025-10-01,09:31:40.000,178.95,300.0,178.75,179.15,75.0
2025-10-01,09:31:41.000,179.18,75.0,178.95,179.4,525.0
2025-10-01,09:31:42.000,179.18,75.0,178.95,179.4,525.0
2025-10-01,09:31:43.000,179.5,375.0,179.3,179.7,150.0
2025-10-01,09:31:44.000,179.6,75.0,179.45,179.75,225.0
2025-10-01,09:31:45.000,179.6,75.0,179.45,179.75,225.0
2025-10-01,09:31:46.000,179.3,150.0,179.1,179.5,225.0
2025-10-01,09:31:47.000,179.3,150.0,179.1,179.5,225.0
2025-10-01,09:31:48.000,178.52,375.0,178.3,178.75,300.0
2025-10-01,09:31:49.000,178.65,75.0,178.45,178.85,300.0
2025-10-01,09:31:50.000,178.65,75.0,178.45,178.85,300.0
2025-10-01,09:31:51.000,178.7,150.0,178.5,178.9,375.0
2025-10-01,09:31:52.000,178.7,150.0,178.5,178.9,375.0
2025-10-01,09:31:53.000,178.98,75.0,178.9,179.05,75.0
2025-10-01,09:31:54.000,178.92,450.0,178.8,179.05,75.0
2025-10-01,09:31:55.000,178.92,450.0,178.8,179.05,75.0
2025-10-01,09:31:56.000,177.78,375.0,177.55,178.0,75.0
2025-10-01,09:31:57.000,177.78,375.0,177.55,178.0,75.0
2025-10-01,09:31:58.000,177.48,75.0,177.35,177.6,600.0
2025-10-01,09:31:59.000,177.22,75.0,177.1,177.35,300.0
2025-10-01,09:32:00.000,177.22,75.0,177.1,177.35,300.0
2025-10-01,09:32:01.000,177.7,450.0,177.45,177.95,450.0
2025-10-01,09:32:02.000,177.7,450.0,177.45,177.95,450.0
2025-10-01,09:32:03.000,177.77,75.0,177.6,177.95,225.0
2025-10-01,09:32:04.000,178.02,225.0,177.8,178.25,675.0
2025-10-01,09:32:05.000,178.02,225.0,177.8,178.25,675.0
2025-10-01,09:32:06.000,178.08,675.0,177.85,178.3,75.0
2025-10-01,09:32:07.000,178.08,675.0,177.85,178.3,75.0
2025-10-01,09:32:08.000,177.68,525.0,177.45,177.9,375.0
2025-10-01,09:32:09.000,177.68,525.0,177.45,177.9,375.0
2025-10-01,09:32:10.000,177.68,75.0,177.45,177.9,825.0
2025-10-01,09:32:11.000,177.5,450.0,177.3,177.7,75.0
2025-10-01,09:32:12.000,177.5,450.0,177.3,177.7,75.0
2025-10-01,09:32:13.000,177.95,150.0,177.75,178.15,300.0
2025-10-01,09:32:14.000,177.73,75.0,177.65,177.8,150.0
2025-10-01,09:32:15.000,177.73,75.0,177.65,177.8,150.0
2025-10-01,09:32:16.000,177.73,75.0,177.65,177.8,75.0
2025-10-01,09:32:17.000,177.73,75.0,177.65,177.8,75.0
2025-10-01,09:32:18.000,177.62,375.0,177.5,177.75,75.0
2025-10-01,09:32:19.000,177.58,75.0,177.4,177.75,450.0
2025-10-01,09:32:20.000,177.58,75.0,177.4,177.75,450.0
2025-10-01,09:32:21.000,177.92,525.0,177.7,178.15,300.0
2025-10-01,09:32:22.000,177.92,525.0,177.7,178.15,300.0
2025-10-01,09:32:23.000,177.77,150.0,177.6,177.95,75.0
2025-10-01,09:32:24.000,177.3,525.0,177.05,177.55,225.0
2025-10-01,09:32:25.000,177.3,525.0,177.05,177.55,225.0
2025-10-01,09:32:26.000,177.68,75.0,177.55,177.8,900.0
2025-10-01,09:32:27.000,177.68,75.0,177.55,177.8,900.0
2025-10-01,09:32:28.000,177.52,225.0,177.3,177.75,300.0
2025-10-01,09:32:29.000,177.42,450.0,177.2,177.65,300.0
2025-10-01,09:32:30.000,177.42,450.0,177.2,177.65,300.0
2025-10-01,09:32:31.000,177.48,150.0,177.25,177.7,225.0
2025-10-01,09:32:32.000,177.8,225.0,177.6,178.0,75.0
2025-10-01,09:32:33.000,177.8,225.0,177.6,178.0,75.0
2025-10-01,09:32:34.000,178.05,525.0,177.85,178.25,600.0
2025-10-01,09:32:35.000,178.05,525.0,177.85,178.25,600.0
2025-10-01,09:32:36.000,178.05,225.0,177.85,178.25,75.0
2025-10-01,09:32:37.000,177.6,225.0,177.4,177.8,75.0
2025-10-01,09:32:38.000,177.6,225.0,177.4,177.8,75.0
2025-10-01,09:32:39.000,177.45,300.0,177.25,177.65,225.0
2025-10-01,09:32:40.000,177.45,300.0,177.25,177.65,225.0
2025-10-01,09:32:41.000,177.38,375.0,177.15,177.6,75.0
2025-10-01,09:32:42.000,177.7,75.0,177.6,177.8,225.0
2025-10-01,09:32:43.000,177.7,75.0,177.6,177.8,225.0
2025-10-01,09:32:44.000,177.62,375.0,177.45,177.8,75.0
2025-10-01,09:32:45.000,177.78,750.0,177.55,178.0,150.0
2025-10-01,09:32:46.000,177.78,750.0,177.55,178.0,150.0
2025-10-01,09:32:47.000,177.68,525.0,177.4,177.95,75.0
2025-10-01,09:32:48.000,177.68,525.0,177.4,177.95,75.0
2025-10-01,09:32:49.000,177.48,75.0,177.25,177.7,150.0
2025-10-01,09:32:50.000,177.75,300.0,177.6,177.9,300.0
2025-10-01,09:32:51.000,177.75,300.0,177.6,177.9,300.0
2025-10-01,09:32:52.000,177.1,150.0,177.0,177.2,450.0
2025-10-01,09:32:53.000,177.1,150.0,177.0,177.2,450.0
2025-10-01,09:32:54.000,177.0,150.0,176.8,177.2,300.0
2025-10-01,09:32:55.000,176.85,225.0,176.65,177.05,150.0
2025-10-01,09:32:56.000,176.85,225.0,176.65,177.05,150.0
2025-10-01,09:32:57.000,177.12,75.0,176.9,177.35,600.0
2025-10-01,09:32:58.000,177.12,75.0,176.9,177.35,600.0
2025-10-01,09:32:59.000,177.82,75.0,177.6,178.05,375.0
2025-10-01,09:33:00.000,178.2,75.0,178.05,178.35,75.0
2025-10-01,09:33:01.000,178.2,75.0,178.05,178.35,75.0
2025-10-01,09:33:02.000,178.42,600.0,178.2,178.65,225.0
2025-10-01,09:33:03.000,178.42,600.0,178.2,178.65,225.0
2025-10-01,09:33:04.000,178.55,75.0,178.35,178.75,225.0
2025-10-01,09:33:05.000,178.85,75.0,178.6,179.1,525.0
2025-10-01,09:33:06.000,178.85,75.0,178.6,179.1,525.0
2025-10-01,09:33:07.000,179.1,300.0,178.85,179.35,450.0
2025-10-01,09:33:08.000,179.1,300.0,178.85,179.35,450.0
2025-10-01,09:33:09.000,178.92,75.0,178.75,179.1,225.0
2025-10-01,09:33:10.000,179.75,225.0,179.5,180.0,225.0
2025-10-01,09:33:11.000,179.75,225.0,179.5,180.0,225.0
2025-10-01,09:33:12.000,179.48,150.0,179.25,179.7,75.0
2025-10-01,09:33:13.000,179.48,150.0,179.25,179.7,75.0
2025-10-01,09:33:14.000,178.92,150.0,178.65,179.2,75.0
2025-10-01,09:33:15.000,179.78,150.0,179.55,180.0,150.0
2025-10-01,09:33:16.000,179.78,150.0,179.55,180.0,150.0
2025-10-01,09:33:17.000,179.38,300.0,179.1,179.65,375.0
2025-10-01,09:33:18.000,179.42,300.0,179.2,179.65,150.0
2025-10-01,09:33:19.000,179.42,300.0,179.2,179.65,150.0
2025-10-01,09:33:20.000,179.38,375.0,179.15,179.6,75.0
2025-10-01,09:33:21.000,179.38,375.0,179.15,179.6,75.0
2025-10-01,09:33:22.000,179.52,450.0,179.3,179.75,225.0
2025-10-01,09:33:23.000,179.65,300.0,179.45,179.85,150.0
2025-10-01,09:33:24.000,179.65,300.0,179.45,179.85,150.0
2025-10-01,09:33:25.000,179.5,300.0,179.3,179.7,75.0
2025-10-01,09:33:26.000,179.5,300.0,179.3,179.7,75.0
2025-10-01,09:33:27.000,180.18,150.0,179.9,180.45,300.0
2025-10-01,09:33:28.000,180.48,300.0,180.35,180.6,150.0
2025-10-01,09:33:29.000,180.48,300.0,180.35,180.6,150.0
2025-10-01,09:33:30.000,180.42,375.0,180.25,180.6,75.0
2025-10-01,09:33:31.000,180.42,375.0,180.25,180.6,75.0
2025-10-01,09:33:32.000,180.52,300.0,180.3,180.75,150.0
2025-10-01,09:33:33.000,180.18,300.0,179.9,180.45,375.0
2025-10-01,09:33:34.000,180.18,300.0,179.9,180.45,375.0
2025-10-01,09:33:35.000,180.05,75.0,179.9,180.2,450.0
2025-10-01,09:33:36.000,180.05,75.0,179.9,180.2,450.0
2025-10-01,09:33:37.000,180.08,150.0,179.9,180.25,300.0
2025-10-01,09:33:38.000,180.28,300.0,180.05,180.5,150.0
2025-10-01,09:33:39.000,180.28,300.0,180.05,180.5,150.0
2025-10-01,09:33:40.000,179.2,375.0,178.95,179.45,225.0
2025-10-01,09:33:41.000,179.2,375.0,178.95,179.45,225.0
2025-10-01,09:33:42.000,179.35,300.0,179.1,179.6,450.0
2025-10-01,09:33:43.000,179.75,825.0,179.5,180.0,75.0
2025-10-01,09:33:44.000,179.75,825.0,179.5,180.0,75.0
2025-10-01,09:33:45.000,179.82,300.0,179.65,180.0,75.0
2025-10-01,09:33:46.000,179.82,300.0,179.65,180.0,75.0
2025-10-01,09:33:47.000,179.58,375.0,179.3,179.85,675.0
2025-10-01,09:33:48.000,179.38,975.0,179.1,179.65,450.0
2025-10-01,09:33:49.000,179.38,975.0,179.1,179.65,450.0
2025-10-01,09:33:50.000,179.5,525.0,179.3,179.7,75.0
2025-10-01,09:33:51.000,179.5,525.0,179.3,179.7,75.0
2025-10-01,09:33:52.000,179.82,450.0,179.65,180.0,1050.0
2025-10-01,09:33:53.000,179.7,75.0,179.5,179.9,225.0
2025-10-01,09:33:54.000,179.7,75.0,179.5,179.9,225.0
2025-10-01,09:33:55.000,180.3,225.0,180.1,180.5,150.0
2025-10-01,09:33:56.000,180.3,225.0,180.1,180.5,150.0
2025-10-01,09:33:57.000,179.95,150.0,179.75,180.15,150.0
2025-10-01,09:33:58.000,179.92,150.0,179.7,180.15,450.0
2025-10-01,09:33:59.000,179.92,150.0,179.7,180.15,450.0
2025-10-01,09:34:00.000,180.15,150.0,179.9,180.4,300.0
2025-10-01,09:34:01.000,180.15,150.0,179.9,180.4,300.0
2025-10-01,09:34:02.000,180.45,75.0,180.3,180.6,75.0
2025-10-01,09:34:03.000,180.45,75.0,180.3,180.6,75.0
2025-10-01,09:34:04.000,180.45,75.0,180.3,180.6,75.0
2025-10-01,09:34:05.000,180.45,75.0,180.3,180.6,225.0
2025-10-01,09:34:06.000,180.45,75.0,180.3,180.6,225.0
2025-10-01,09:34:07.000,180.5,600.0,180.25,180.75,75.0
2025-10-01,09:34:08.000,180.3,675.0,180.05,180.55,300.0
2025-10-01,09:34:09.000,180.3,675.0,180.05,180.55,300.0
2025-10-01,09:34:10.000,180.68,150.0,180.5,180.85,150.0
2025-10-01,09:34:11.000,180.68,150.0,180.5,180.85,150.0
2025-10-01,09:34:12.000,180.85,150.0,180.7,181.0,1350.0
2025-10-01,09:34:13.000,180.7,450.0,180.45,180.95,150.0
2025-10-01,09:34:14.000,180.7,450.0,180.45,180.95,150.0
2025-10-01,09:34:15.000,180.73,75.0,180.55,180.9,75.0
2025-10-01,09:34:16.000,180.73,75.0,180.55,180.9,75.0
2025-10-01,09:34:17.000,180.78,675.0,180.55,181.0,1650.0
2025-10-01,09:34:18.000,181.05,225.0,180.8,181.3,450.0
2025-10-01,09:34:19.000,181.05,225.0,180.8,181.3,450.0
2025-10-01,09:34:20.000,180.92,150.0,180.7,181.15,75.0
2025-10-01,09:34:21.000,180.92,150.0,180.7,181.15,75.0
2025-10-01,09:34:22.000,181.68,450.0,181.45,181.9,150.0
2025-10-01,09:34:23.000,182.4,375.0,182.15,182.65,300.0
2025-10-01,09:34:24.000,182.4,375.0,182.15,182.65,300.0
2025-10-01,09:34:25.000,181.75,75.0,181.6,181.9,75.0
2025-10-01,09:34:26.000,181.75,75.0,181.6,181.9,75.0
2025-10-01,09:34:27.000,181.22,75.0,181.0,181.45,450.0
2025-10-01,09:34:28.000,181.35,750.0,181.1,181.6,225.0
2025-10-01,09:34:29.000,181.35,750.0,181.1,181.6,225.0
2025-10-01,09:34:30.000,181.05,375.0,180.8,181.3,150.0
2025-10-01,09:34:31.000,181.05,375.0,180.8,181.3,150.0
2025-10-01,09:34:32.000,180.88,450.0,180.65,181.1,75.0
2025-10-01,09:34:33.000,180.7,375.0,180.5,180.9,150.0
2025-10-01,09:34:34.000,180.7,375.0,180.5,180.9,150.0
2025-10-01,09:34:35.000,181.48,150.0,181.25,181.7,825.0
2025-10-01,09:34:36.000,181.48,150.0,181.25,181.7,825.0
2025-10-01,09:34:37.000,181.4,525.0,181.15,181.65,75.0
2025-10-01,09:34:38.000,181.5,150.0,181.3,181.7,75.0
2025-10-01,09:34:39.000,181.5,150.0,181.3,181.7,75.0
2025-10-01,09:34:40.000,181.12,75.0,180.95,181.3,75.0
2025-10-01,09:34:41.000,181.12,75.0,180.95,181.3,75.0
2025-10-01,09:34:42.000,181.6,300.0,181.35,181.85,375.0
2025-10-01,09:34:43.000,181.42,150.0,181.2,181.65,225.0
2025-10-01,09:34:44.000,181.42,150.0,181.2,181.65,225.0
2025-10-01,09:34:45.000,181.15,450.0,181.0,181.3,225.0
2025-10-01,09:34:46.000,181.15,450.0,181.0,181.3,225.0
2025-10-01,09:34:47.000,181.12,450.0,181.0,181.25,75.0
2025-10-01,09:34:48.000,180.7,375.0,180.5,180.9,75.0
2025-10-01,09:34:49.000,180.7,375.0,180.5,180.9,75.0
2025-10-01,09:34:50.000,180.77,225.0,180.6,180.95,375.0
2025-10-01,09:34:51.000,180.77,225.0,180.6,180.95,375.0
2025-10-01,09:34:52.000,180.75,150.0,180.55,180.95,375.0
2025-10-01,09:34:53.000,180.72,225.0,180.5,180.95,1125.0
2025-10-01,09:34:54.000,180.72,225.0,180.5,180.95,1125.0
2025-10-01,09:34:55.000,180.6,300.0,180.35,180.85,525.0
2025-10-01,09:34:56.000,180.92,675.0,180.65,181.2,675.0
2025-10-01,09:34:57.000,180.92,675.0,180.65,181.2,675.0
2025-10-01,09:34:58.000,180.88,225.0,180.75,181.0,75.0
2025-10-01,09:34:59.000,180.88,225.0,180.75,181.0,75.0
2025-10-01,09:35:00.000,180.9,600.0,180.65,181.15,300.0
2025-10-01,09:35:01.000,181.42,300.0,181.2,181.65,75.0
2025-10-01,09:35:02.000,181.42,300.0,181.2,181.65,75.0
2025-10-01,09:35:03.000,182.12,300.0,181.9,182.35,75.0
2025-10-01,09:35:04.000,182.12,300.0,181.9,182.35,75.0
2025-10-01,09:35:05.000,182.25,300.0,182.1,182.4,525.0
2025-10-01,09:35:06.000,182.48,375.0,182.25,182.7,150.0
2025-10-01,09:35:07.000,182.48,375.0,182.25,182.7,150.0
2025-10-01,09:35:08.000,182.18,75.0,182.0,182.35,150.0
2025-10-01,09:35:09.000,182.18,75.0,182.0,182.35,150.0
2025-10-01,09:35:10.000,182.08,75.0,182.0,182.15,375.0
2025-10-01,09:35:11.000,181.92,300.0,181.75,182.1,75.0
2025-10-01,09:35:12.000,181.92,300.0,181.75,182.1,75.0
2025-10-01,09:35:13.000,181.65,525.0,181.45,181.85,75.0
2025-10-01,09:35:14.000,181.65,525.0,181.45,181.85,75.0
2025-10-01,09:35:15.000,181.72,450.0,181.5,181.95,75.0
2025-10-01,09:35:16.000,181.85,150.0,181.65,182.05,75.0
2025-10-01,09:35:17.000,181.85,150.0,181.65,182.05,75.0
2025-10-01,09:35:18.000,181.7,225.0,181.5,181.9,450.0
2025-10-01,09:35:19.000,181.7,225.0,181.5,181.9,450.0
2025-10-01,09:35:20.000,181.52,300.0,181.4,181.65,75.0
2025-10-01,09:35:21.000,181.28,450.0,181.05,181.5,300.0
2025-10-01,09:35:22.000,181.28,450.0,181.05,181.5,300.0
2025-10-01,09:35:23.000,181.4,225.0,181.15,181.65,1125.0
2025-10-01,09:35:24.000,181.4,225.0,181.15,181.65,1125.0
2025-10-01,09:35:25.000,181.4,300.0,181.25,181.55,75.0
2025-10-01,09:35:26.000,181.72,525.0,181.5,181.95,225.0
2025-10-01,09:35:27.000,181.72,525.0,181.5,181.95,225.0
2025-10-01,09:35:28.000,181.52,375.0,181.25,181.8,600.0
2025-10-01,09:35:29.000,181.52,375.0,181.25,181.8,600.0
2025-10-01,09:35:30.000,181.6,225.0,181.35,181.85,450.0
2025-10-01,09:35:31.000,181.45,75.0,181.25,181.65,375.0
2025-10-01,09:35:32.000,181.45,75.0,181.25,181.65,375.0
2025-10-01,09:35:33.000,181.62,75.0,181.45,181.8,300.0
2025-10-01,09:35:34.000,181.62,75.0,181.45,181.8,300.0
2025-10-01,09:35:35.000,181.62,75.0,181.45,181.8,225.0
2025-10-01,09:35:36.000,181.45,150.0,181.25,181.65,600.0
2025-10-01,09:35:37.000,181.45,150.0,181.25,181.65,600.0
2025-10-01,09:35:38.000,181.48,375.0,181.25,181.7,75.0
2025-10-01,09:35:39.000,181.48,375.0,181.25,181.7,75.0
2025-10-01,09:35:40.000,181.4,75.0,181.25,181.55,975.0
2025-10-01,09:35:41.000,181.2,225.0,181.0,181.4,300.0
2025-10-01,09:35:42.000,181.2,225.0,181.0,181.4,300.0
2025-10-01,09:35:43.000,181.02,75.0,180.8,181.25,75.0
2025-10-01,09:35:44.000,181.02,75.0,180.8,181.25,75.0
2025-10-01,09:35:45.000,181.1,375.0,180.9,181.3,75.0
2025-10-01,09:35:46.000,181.38,300.0,181.15,181.6,150.0
2025-10-01,09:35:47.000,181.38,300.0,181.15,181.6,150.0
2025-10-01,09:35:48.000,181.05,225.0,180.85,181.25,150.0
2025-10-01,09:35:49.000,181.05,225.0,180.85,181.25,150.0
2025-10-01,09:35:50.000,181.15,300.0,180.9,181.4,600.0
2025-10-01,09:35:51.000,180.38,975.0,180.05,180.7,525.0
2025-10-01,09:35:52.000,180.38,975.0,180.05,180.7,525.0
2025-10-01,09:35:53.000,179.9,375.0,179.65,180.15,75.0
2025-10-01,09:35:54.000,179.9,375.0,179.65,180.15,75.0
2025-10-01,09:35:55.000,179.85,450.0,179.6,180.1,450.0
2025-10-01,09:35:56.000,179.7,600.0,179.5,179.9,375.0
2025-10-01,09:35:57.000,179.7,600.0,179.5,179.9,375.0
2025-10-01,09:35:58.000,179.62,75.0,179.5,179.75,75.0
2025-10-01,09:35:59.000,179.62,75.0,179.5,179.75,75.0
2025-10-01,09:36:00.000,179.8,600.0,179.6,180.0,450.0
2025-10-01,09:36:01.000,179.52,450.0,179.3,179.75,450.0
2025-10-01,09:36:02.000,179.52,450.0,179.3,179.75,450.0
2025-10-01,09:36:03.000,180.32,225.0,180.25,180.4,75.0
2025-10-01,09:36:04.000,180.32,225.0,180.25,180.4,75.0
2025-10-01,09:36:05.000,180.58,525.0,180.35,180.8,150.0
2025-10-01,09:36:06.000,180.8,375.0,180.6,181.0,150.0
2025-10-01,09:36:07.000,180.8,375.0,180.6,181.0,150.0
2025-10-01,09:36:08.000,181.22,375.0,181.0,181.45,150.0
2025-10-01,09:36:09.000,181.22,375.0,181.0,181.45,150.0
2025-10-01,09:36:10.000,181.05,75.0,180.85,181.25,375.0
2025-10-01,09:36:11.000,181.8,825.0,181.6,182.0,900.0
2025-10-01,09:36:12.000,181.8,825.0,181.6,182.0,900.0
2025-10-01,09:36:13.000,182.15,225.0,181.9,182.4,75.0
2025-10-01,09:36:14.000,182.15,225.0,181.9,182.4,75.0
2025-10-01,09:36:15.000,182.05,300.0,181.8,182.3,525.0
2025-10-01,09:36:16.000,182.05,600.0,181.8,182.3,75.0
2025-10-01,09:36:17.000,182.05,600.0,181.8,182.3,75.0
2025-10-01,09:36:18.000,182.28,525.0,182.05,182.5,375.0
2025-10-01,09:36:19.000,182.28,525.0,182.05,182.5,375.0
2025-10-01,09:36:20.000,182.2,1200.0,182.0,182.4,225.0
2025-10-01,09:36:21.000,182.42,375.0,182.25,182.6,75.0
2025-10-01,09:36:22.000,182.42,375.0,182.25,182.6,75.0
2025-10-01,09:36:23.000,182.32,225.0,182.1,182.55,75.0
2025-10-01,09:36:24.000,182.32,225.0,182.1,182.55,75.0
2025-10-01,09:36:25.000,182.18,75.0,182.05,182.3,150.0
2025-10-01,09:36:26.000,182.32,225.0,182.1,182.55,525.0
2025-10-01,09:36:27.000,182.32,225.0,182.1,182.55,525.0
2025-10-01,09:36:28.000,182.32,150.0,182.1,182.55,75.0
2025-10-01,09:36:29.000,182.32,150.0,182.1,182.55,75.0
2025-10-01,09:36:30.000,182.32,450.0,182.1,182.55,225.0
2025-10-01,09:36:31.000,182.23,75.0,182.05,182.4,75.0
2025-10-01,09:36:32.000,182.23,75.0,182.05,182.4,75.0
2025-10-01,09:36:33.000,182.45,75.0,182.3,182.6,75.0
2025-10-01,09:36:34.000,182.45,75.0,182.3,182.6,75.0
2025-10-01,09:36:35.000,182.82,150.0,182.65,183.0,1650.0
2025-10-01,09:36:36.000,182.42,75.0,182.3,182.55,300.0
2025-10-01,09:36:37.000,182.42,75.0,182.3,182.55,300.0
2025-10-01,09:36:38.000,182.5,75.0,182.3,182.7,525.0
2025-10-01,09:36:39.000,182.55,75.0,182.35,182.75,750.0
2025-10-01,09:36:40.000,182.55,75.0,182.35,182.75,750.0
2025-10-01,09:36:41.000,182.88,600.0,182.6,183.15,450.0
2025-10-01,09:36:42.000,182.88,600.0,182.6,183.15,450.0
2025-10-01,09:36:43.000,182.95,225.0,182.7,183.2,300.0
2025-10-01,09:36:44.000,183.22,225.0,182.95,183.5,300.0
2025-10-01,09:36:45.000,183.22,225.0,182.95,183.5,300.0
2025-10-01,09:36:46.000,182.82,375.0,182.55,183.1,300.0
2025-10-01,09:36:47.000,182.82,375.0,182.55,183.1,300.0
2025-10-01,09:36:48.000,182.65,150.0,182.4,182.9,600.0
2025-10-01,09:36:49.000,182.65,150.0,182.4,182.9,600.0
2025-10-01,09:36:50.000,182.85,300.0,182.55,183.15,600.0
2025-10-01,09:36:51.000,182.78,300.0,182.5,183.05,300.0
2025-10-01,09:36:52.000,182.78,300.0,182.5,183.05,300.0
2025-10-01,09:36:53.000,182.7,75.0,182.45,182.95,300.0
2025-10-01,09:36:54.000,182.7,75.0,182.45,182.95,300.0
2025-10-01,09:36:55.000,182.68,75.0,182.45,182.9,600.0
2025-10-01,09:36:56.000,182.7,825.0,182.5,182.9,750.0
2025-10-01,09:36:57.000,182.7,825.0,182.5,182.9,750.0
2025-10-01,09:36:58.000,182.52,150.0,182.3,182.75,375.0
2025-10-01,09:36:59.000,182.52,150.0,182.3,182.75,375.0
2025-10-01,09:37:00.000,182.58,225.0,182.35,182.8,225.0
2025-10-01,09:37:01.000,182.22,1050.0,182.0,182.45,300.0
2025-10-01,09:37:02.000,182.22,1050.0,182.0,182.45,300.0
2025-10-01,09:37:03.000,182.15,1125.0,182.0,182.3,900.0
2025-10-01,09:37:04.000,181.92,450.0,181.7,182.15,225.0
2025-10-01,09:37:05.000,181.92,450.0,181.7,182.15,225.0
2025-10-01,09:37:06.000,182.68,150.0,182.45,182.9,375.0
2025-10-01,09:37:07.000,182.68,150.0,182.45,182.9,375.0
2025-10-01,09:37:08.000,183.08,525.0,182.85,183.3,75.0
2025-10-01,09:37:09.000,183.05,300.0,182.85,183.25,225.0
2025-10-01,09:37:10.000,183.05,300.0,182.85,183.25,225.0
2025-10-01,09:37:11.000,182.95,75.0,182.85,183.05,675.0
2025-10-01,09:37:12.000,182.95,75.0,182.85,183.05,675.0
2025-10-01,09:37:13.000,182.92,75.0,182.85,183.0,675.0
2025-10-01,09:37:14.000,182.8,300.0,182.65,182.95,150.0
2025-10-01,09:37:15.000,182.8,300.0,182.65,182.95,150.0
2025-10-01,09:37:16.000,182.22,225.0,182.0,182.45,300.0
2025-10-01,09:37:17.000,182.22,225.0,182.0,182.45,300.0
2025-10-01,09:37:18.000,182.3,375.0,182.15,182.45,225.0
2025-10-01,09:37:19.000,182.3,375.0,182.15,182.45,450.0
2025-10-01,09:37:20.000,182.3,375.0,182.15,182.45,450.0
2025-10-01,09:37:21.000,182.5,450.0,182.25,182.75,675.0
2025-10-01,09:37:22.000,182.5,450.0,182.25,182.75,675.0
2025-10-01,09:37:23.000,182.48,300.0,182.25,182.7,300.0
2025-10-01,09:37:24.000,182.55,75.0,182.4,182.7,150.0
2025-10-01,09:37:25.000,182.55,75.0,182.4,182.7,150.0
2025-10-01,09:37:26.000,182.73,600.0,182.55,182.9,75.0
2025-10-01,09:37:27.000,182.73,600.0,182.55,182.9,75.0
2025-10-01,09:37:28.000,182.68,75.0,182.45,182.9,600.0
2025-10-01,09:37:29.000,183.1,75.0,182.9,183.3,75.0
2025-10-01,09:37:30.000,183.1,75.0,182.9,183.3,75.0
2025-10-01,09:37:31.000,182.77,375.0,182.6,182.95,375.0
2025-10-01,09:37:32.000,182.77,375.0,182.6,182.95,375.0
2025-10-01,09:37:33.000,182.9,150.0,182.85,182.95,375.0
2025-10-01,09:37:34.000,182.68,3750.0,182.5,182.85,150.0
2025-10-01,09:37:35.000,182.68,3750.0,182.5,182.85,150.0
2025-10-01,09:37:36.000,182.7,3900.0,182.5,182.9,75.0
2025-10-01,09:37:37.000,182.7,3900.0,182.5,182.9,75.0
2025-10-01,09:37:38.000,182.65,3750.0,182.5,182.8,75.0
2025-10-01,09:37:39.000,182.62,75.0,182.55,182.7,75.0
2025-10-01,09:37:40.000,182.62,75.0,182.55,182.7,75.0
2025-10-01,09:37:41.000,182.52,150.0,182.35,182.7,75.0
2025-10-01,09:37:42.000,182.52,150.0,182.35,182.7,75.0
2025-10-01,09:37:43.000,182.75,300.0,182.5,183.0,450.0
2025-10-01,09:37:44.000,182.85,525.0,182.6,183.1,300.0
2025-10-01,09:37:45.000,182.85,525.0,182.6,183.1,300.0
2025-10-01,09:37:46.000,182.7,375.0,182.45,182.95,450.0
2025-10-01,09:37:47.000,182.7,375.0,182.45,182.95,450.0
2025-10-01,09:37:48.000,182.68,225.0,182.45,182.9,225.0
2025-10-01,09:37:49.000,183.0,450.0,182.75,183.25,825.0
2025-10-01,09:37:50.000,183.0,450.0,182.75,183.25,825.0
2025-10-01,09:37:51.000,182.8,450.0,182.6,183.0,150.0
2025-10-01,09:37:52.000,182.8,450.0,182.6,183.0,150.0
2025-10-01,09:37:53.000,182.75,300.0,182.55,182.95,75.0
2025-10-01,09:37:54.000,182.75,75.0,182.6,182.9,75.0
2025-10-01,09:37:55.000,182.75,75.0,182.6,182.9,75.0
2025-10-01,09:37:56.000,182.82,150.0,182.75,182.9,75.0
2025-10-01,09:37:57.000,182.82,150.0,182.75,182.9,75.0
2025-10-01,09:37:58.000,182.45,150.0,182.25,182.65,150.0
2025-10-01,09:37:59.000,182.32,75.0,182.15,182.5,75.0
2025-10-01,09:38:00.000,182.32,75.0,182.15,182.5,75.0
2025-10-01,09:38:01.000,182.2,525.0,182.0,182.4,1050.0
2025-10-01,09:38:02.000,182.2,525.0,182.0,182.4,1050.0
2025-10-01,09:38:03.000,181.98,375.0,181.75,182.2,150.0
2025-10-01,09:38:04.000,181.55,450.0,181.3,181.8,750.0
2025-10-01,09:38:05.000,181.55,450.0,181.3,181.8,750.0
2025-10-01,09:38:06.000,181.28,525.0,181.05,181.5,375.0
2025-10-01,09:38:07.000,181.28,525.0,181.05,181.5,375.0
2025-10-01,09:38:08.000,181.58,225.0,181.4,181.75,75.0
2025-10-01,09:38:09.000,181.92,450.0,181.7,182.15,75.0
2025-10-01,09:38:10.000,181.92,450.0,181.7,182.15,75.0
2025-10-01,09:38:11.000,181.62,150.0,181.4,181.85,75.0
2025-10-01,09:38:12.000,181.62,150.0,181.4,181.85,75.0
2025-10-01,09:38:13.000,181.38,150.0,181.2,181.55,225.0
2025-10-01,09:38:14.000,181.25,150.0,181.05,181.45,225.0
2025-10-01,09:38:15.000,181.25,150.0,181.05,181.45,225.0
2025-10-01,09:38:16.000,181.35,600.0,181.2,181.5,75.0
2025-10-01,09:38:17.000,181.35,600.0,181.2,181.5,75.0
2025-10-01,09:38:18.000,181.5,375.0,181.3,181.7,75.0
2025-10-01,09:38:19.000,182.0,750.0,181.75,182.25,75.0
2025-10-01,09:38:20.000,182.0,750.0,181.75,182.25,75.0
2025-10-01,09:38:21.000,182.15,225.0,181.95,182.35,150.0
2025-10-01,09:38:22.000,182.15,225.0,181.95,182.35,150.0
2025-10-01,09:38:23.000,182.15,225.0,181.95,182.35,375.0
2025-10-01,09:38:24.000,182.08,75.0,181.85,182.3,450.0
2025-10-01,09:38:25.000,182.08,75.0,181.85,182.3,450.0
2025-10-01,09:38:26.000,181.18,6375.0,181.0,181.35,75.0
2025-10-01,09:38:27.000,181.18,6375.0,181.0,181.35,75.0
2025-10-01,09:38:28.000,180.42,225.0,180.2,180.65,525.0
2025-10-01,09:38:29.000,180.52,150.0,180.4,180.65,150.0
2025-10-01,09:38:30.000,180.52,150.0,180.4,180.65,150.0
2025-10-01,09:38:31.000,180.88,75.0,180.75,181.0,75.0
2025-10-01,09:38:32.000,180.88,75.0,180.75,181.0,75.0
2025-10-01,09:38:33.000,181.18,75.0,180.95,181.4,300.0
2025-10-01,09:38:34.000,181.15,225.0,180.95,181.35,525.0
2025-10-01,09:38:35.000,181.15,225.0,180.95,181.35,525.0
2025-10-01,09:38:36.000,181.58,375.0,181.35,181.8,300.0
2025-10-01,09:38:37.000,181.58,375.0,181.35,181.8,300.0
2025-10-01,09:38:38.000,181.52,150.0,181.3,181.75,375.0
2025-10-01,09:38:39.000,181.58,375.0,181.3,181.85,675.0
2025-10-01,09:38:40.000,181.58,375.0,181.3,181.85,675.0
2025-10-01,09:38:41.000,181.5,675.0,181.25,181.75,375.0
2025-10-01,09:38:42.000,181.5,675.0,181.25,181.75,375.0
2025-10-01,09:38:43.000,181.25,150.0,181.05,181.45,300.0
2025-10-01,09:38:44.000,181.22,525.0,181.0,181.45,150.0
2025-10-01,09:38:45.000,181.22,525.0,181.0,181.45,150.0
2025-10-01,09:38:46.000,182.1,225.0,181.85,182.35,600.0
2025-10-01,09:38:47.000,182.1,225.0,181.85,182.35,600.0
2025-10-01,09:38:48.000,182.0,150.0,181.75,182.25,600.0
2025-10-01,09:38:49.000,181.95,150.0,181.7,182.2,750.0
2025-10-01,09:38:50.000,181.95,150.0,181.7,182.2,750.0
2025-10-01,09:38:51.000,181.92,450.0,181.7,182.15,150.0
2025-10-01,09:38:52.000,181.92,450.0,181.7,182.15,150.0
2025-10-01,09:38:53.000,181.8,375.0,181.6,182.0,150.0
2025-10-01,09:38:54.000,181.52,225.0,181.3,181.75,150.0
2025-10-01,09:38:55.000,181.52,225.0,181.3,181.75,150.0
2025-10-01,09:38:56.000,181.45,375.0,181.2,181.7,375.0
2025-10-01,09:38:57.000,181.45,375.0,181.2,181.7,375.0
2025-10-01,09:38:58.000,181.22,300.0,181.0,181.45,300.0
2025-10-01,09:38:59.000,181.3,375.0,181.05,181.55,600.0
2025-10-01,09:39:00.000,181.3,375.0,181.05,181.55,600.0
2025-10-01,09:39:01.000,181.6,600.0,181.35,181.85,300.0
2025-10-01,09:39:02.000,181.6,600.0,181.35,181.85,300.0
2025-10-01,09:39:03.000,181.1,150.0,180.95,181.25,225.0
2025-10-01,09:39:04.000,181.05,225.0,180.85,181.25,12000.0
2025-10-01,09:39:05.000,181.05,225.0,180.85,181.25,12000.0
2025-10-01,09:39:06.000,181.28,150.0,181.05,181.5,75.0
2025-10-01,09:39:07.000,181.88,525.0,181.65,182.1,150.0
2025-10-01,09:39:08.000,181.88,525.0,181.65,182.1,150.0
2025-10-01,09:39:09.000,181.52,225.0,181.3,181.75,75.0
2025-10-01,09:39:10.000,181.52,225.0,181.3,181.75,75.0
2025-10-01,09:39:11.000,181.65,150.0,181.4,181.9,450.0
2025-10-01,09:39:12.000,181.68,525.0,181.4,181.95,900.0
2025-10-01,09:39:13.000,181.68,525.0,181.4,181.95,900.0
2025-10-01,09:39:14.000,181.88,300.0,181.65,182.1,375.0
2025-10-01,09:39:15.000,181.88,300.0,181.65,182.1,375.0
2025-10-01,09:39:16.000,182.1,600.0,181.85,182.35,525.0
2025-10-01,09:39:17.000,182.7,375.0,182.5,182.9,300.0
2025-10-01,09:39:18.000,182.7,375.0,182.5,182.9,300.0
2025-10-01,09:39:19.000,182.82,75.0,182.7,182.95,150.0
2025-10-01,09:39:20.000,182.82,75.0,182.7,182.95,150.0
2025-10-01,09:39:21.000,182.58,525.0,182.35,182.8,75.0
2025-10-01,09:39:22.000,182.52,225.0,182.3,182.75,300.0
2025-10-01,09:39:23.000,182.52,225.0,182.3,182.75,300.0
2025-10-01,09:39:24.000,182.35,150.0,182.25,182.45,75.0
2025-10-01,09:39:25.000,182.35,150.0,182.25,182.45,75.0
2025-10-01,09:39:26.000,182.5,75.0,182.35,182.65,375.0
2025-10-01,09:39:27.000,182.75,825.0,182.5,183.0,1275.0
2025-10-01,09:39:28.000,182.75,825.0,182.5,183.0,1275.0
2025-10-01,09:39:29.000,183.05,900.0,182.85,183.25,225.0
2025-10-01,09:39:30.000,183.05,900.0,182.85,183.25,225.0
2025-10-01,09:39:31.000,183.92,150.0,183.7,184.15,300.0
2025-10-01,09:39:32.000,183.48,150.0,183.35,183.6,150.0
2025-10-01,09:39:33.000,183.48,150.0,183.35,183.6,150.0
2025-10-01,09:39:34.000,184.05,300.0,183.85,184.25,675.0
2025-10-01,09:39:35.000,184.05,300.0,183.85,184.25,675.0
2025-10-01,09:39:36.000,183.7,525.0,183.45,183.95,300.0
2025-10-01,09:39:37.000,183.58,300.0,183.35,183.8,300.0
2025-10-01,09:39:38.000,183.58,300.0,183.35,183.8,300.0
2025-10-01,09:39:39.000,183.32,150.0,183.15,183.5,75.0
2025-10-01,09:39:40.000,183.65,300.0,183.4,183.9,375.0
2025-10-01,09:39:41.000,183.65,300.0,183.4,183.9,375.0
2025-10-01,09:39:42.000,183.9,225.0,183.65,184.15,450.0
2025-10-01,09:39:43.000,183.9,225.0,183.65,184.15,450.0
2025-10-01,09:39:44.000,183.98,750.0,183.8,184.15,75.0
2025-10-01,09:39:45.000,183.65,150.0,183.45,183.85,150.0
2025-10-01,09:39:46.000,183.65,150.0,183.45,183.85,150.0
2025-10-01,09:39:47.000,183.95,675.0,183.75,184.15,75.0
2025-10-01,09:39:48.000,183.95,675.0,183.75,184.15,75.0
2025-10-01,09:39:49.000,183.62,450.0,183.4,183.85,150.0
2025-10-01,09:39:50.000,183.65,525.0,183.45,183.85,150.0
2025-10-01,09:39:51.000,183.65,525.0,183.45,183.85,150.0
2025-10-01,09:39:52.000,184.0,525.0,183.85,184.15,75.0
2025-10-01,09:39:53.000,184.0,525.0,183.85,184.15,75.0
2025-10-01,09:39:54.000,183.65,450.0,183.4,183.9,300.0
2025-10-01,09:39:55.000,183.55,900.0,183.3,183.8,225.0
2025-10-01,09:39:56.000,183.55,900.0,183.3,183.8,225.0
2025-10-01,09:39:57.000,183.42,375.0,183.2,183.65,450.0
2025-10-01,09:39:58.000,183.42,375.0,183.2,183.65,450.0
2025-10-01,09:39:59.000,183.3,1050.0,183.05,183.55,225.0
2025-10-01,09:40:00.000,183.28,150.0,183.05,183.5,375.0
2025-10-01,09:40:01.000,183.28,150.0,183.05,183.5,375.0
2025-10-01,09:40:02.000,183.5,900.0,183.25,183.75,150.0
2025-10-01,09:40:03.000,183.5,900.0,183.25,183.75,150.0
2025-10-01,09:40:04.000,183.02,150.0,182.8,183.25,375.0
2025-10-01,09:40:05.000,183.62,450.0,183.35,183.9,75.0
2025-10-01,09:40:06.000,183.62,450.0,183.35,183.9,75.0
2025-10-01,09:40:07.000,183.55,225.0,183.35,183.75,225.0
2025-10-01,09:40:08.000,183.55,225.0,183.35,183.75,225.0
2025-10-01,09:40:09.000,183.32,225.0,183.1,183.55,225.0
2025-10-01,09:40:10.000,183.45,450.0,183.2,183.7,375.0
2025-10-01,09:40:11.000,183.45,450.0,183.2,183.7,375.0
2025-10-01,09:40:12.000,183.42,825.0,183.2,183.65,225.0
2025-10-01,09:40:13.000,183.42,825.0,183.2,183.65,225.0
2025-10-01,09:40:14.000,183.05,300.0,182.8,183.3,600.0
2025-10-01,09:40:15.000,182.6,300.0,182.4,182.8,75.0
2025-10-01,09:40:16.000,182.6,300.0,182.4,182.8,75.0
2025-10-01,09:40:17.000,182.78,975.0,182.5,183.05,300.0
2025-10-01,09:40:18.000,182.7,150.0,182.5,182.9,525.0
2025-10-01,09:40:19.000,182.7,150.0,182.5,182.9,525.0
2025-10-01,09:40:20.000,182.75,75.0,182.55,182.95,450.0
2025-10-01,09:40:21.000,182.75,75.0,182.55,182.95,450.0
2025-10-01,09:40:22.000,182.9,225.0,182.65,183.15,225.0
2025-10-01,09:40:23.000,182.3,450.0,182.15,182.45,150.0
2025-10-01,09:40:24.000,182.3,450.0,182.15,182.45,150.0
2025-10-01,09:40:25.000,182.25,300.0,182.05,182.45,375.0
2025-10-01,09:40:26.000,182.25,300.0,182.05,182.45,375.0
2025-10-01,09:40:27.000,182.78,300.0,182.55,183.0,75.0
2025-10-01,09:40:28.000,182.38,225.0,182.15,182.6,375.0
2025-10-01,09:40:29.000,182.38,225.0,182.15,182.6,375.0
2025-10-01,09:40:30.000,182.32,150.0,182.15,182.5,525.0
2025-10-01,09:40:31.000,182.32,225.0,182.15,182.5,525.0
2025-10-01,09:40:32.000,182.32,225.0,182.15,182.5,525.0
2025-10-01,09:40:33.000,182.2,75.0,182.05,182.35,675.0
2025-10-01,09:40:34.000,182.2,75.0,182.05,182.35,675.0
2025-10-01,09:40:35.000,182.25,375.0,182.05,182.45,150.0
2025-10-01,09:40:36.000,182.42,225.0,182.2,182.65,525.0
2025-10-01,09:40:37.000,182.42,225.0,182.2,182.65,525.0
2025-10-01,09:40:38.000,182.02,900.0,181.8,182.25,150.0
2025-10-01,09:40:39.000,182.02,900.0,181.8,182.25,150.0
2025-10-01,09:40:40.000,181.98,300.0,181.75,182.2,450.0
2025-10-01,09:40:41.000,181.8,375.0,181.6,182.0,150.0
2025-10-01,09:40:42.000,181.8,375.0,181.6,182.0,150.0
2025-10-01,09:40:43.000,181.78,300.0,181.55,182.0,300.0
2025-10-01,09:40:44.000,181.78,300.0,181.55,182.0,300.0
2025-10-01,09:40:45.000,181.45,150.0,181.25,181.65,225.0
2025-10-01,09:40:46.000,182.65,75.0,182.4,182.9,600.0
2025-10-01,09:40:47.000,182.65,75.0,182.4,182.9,600.0
2025-10-01,09:40:48.000,183.12,75.0,182.9,183.35,375.0
2025-10-01,09:40:49.000,183.12,75.0,182.9,183.35,375.0
2025-10-01,09:40:50.000,183.48,225.0,183.25,183.7,600.0
2025-10-01,09:40:51.000,183.0,150.0,182.8,183.2,225.0
2025-10-01,09:40:52.000,183.0,150.0,182.8,183.2,225.0
2025-10-01,09:40:53.000,182.8,150.0,182.6,183.0,300.0
2025-10-01,09:40:54.000,182.8,150.0,182.6,183.0,300.0
2025-10-01,09:40:55.000,183.22,900.0,183.0,183.45,225.0
2025-10-01,09:40:56.000,183.48,75.0,183.3,183.65,375.0
2025-10-01,09:40:57.000,183.48,75.0,183.3,183.65,375.0
2025-10-01,09:40:58.000,183.28,150.0,183.05,183.5,225.0
2025-10-01,09:40:59.000,183.28,150.0,183.05,183.5,225.0
2025-10-01,09:41:00.000,183.22,825.0,183.0,183.45,225.0
2025-10-01,09:41:01.000,183.58,750.0,183.4,183.75,300.0
2025-10-01,09:41:02.000,183.58,750.0,183.4,183.75,300.0
2025-10-01,09:41:03.000,184.4,150.0,184.2,184.6,300.0
2025-10-01,09:41:04.000,184.4,150.0,184.2,184.6,300.0
2025-10-01,09:41:05.000,184.32,675.0,184.1,184.55,300.0
2025-10-01,09:41:06.000,184.48,375.0,184.25,184.7,300.0
2025-10-01,09:41:07.000,184.48,375.0,184.25,184.7,300.0
2025-10-01,09:41:08.000,184.12,75.0,183.9,184.35,75.0
2025-10-01,09:41:09.000,184.12,75.0,183.9,184.35,75.0
2025-10-01,09:41:10.000,184.15,300.0,184.05,184.25,75.0
2025-10-01,09:41:11.000,184.8,300.0,184.7,184.9,75.0
2025-10-01,09:41:12.000,184.8,300.0,184.7,184.9,75.0
2025-10-01,09:41:13.000,184.9,450.0,184.8,185.0,3300.0
2025-10-01,09:41:14.000,184.9,450.0,184.8,185.0,3300.0
2025-10-01,09:41:15.000,184.98,75.0,184.8,185.15,75.0
2025-10-01,09:41:16.000,185.35,300.0,185.1,185.6,150.0
2025-10-01,09:41:17.000,185.35,300.0,185.1,185.6,150.0
2025-10-01,09:41:18.000,185.0,75.0,184.8,185.2,225.0
2025-10-01,09:41:19.000,185.0,75.0,184.8,185.2,225.0
2025-10-01,09:41:20.000,184.8,450.0,184.6,185.0,75.0
2025-10-01,09:41:21.000,185.02,300.0,184.8,185.25,375.0
2025-10-01,09:41:22.000,185.02,300.0,184.8,185.25,375.0
2025-10-01,09:41:23.000,185.1,525.0,185.0,185.2,825.0
2025-10-01,09:41:24.000,185.1,525.0,185.0,185.2,825.0
2025-10-01,09:41:25.000,184.48,675.0,184.25,184.7,75.0
2025-10-01,09:41:26.000,184.55,675.0,184.3,184.8,1050.0
2025-10-01,09:41:27.000,184.55,675.0,184.3,184.8,1050.0
2025-10-01,09:41:28.000,184.2,300.0,184.0,184.4,1125.0
2025-10-01,09:41:29.000,184.32,975.0,184.05,184.6,675.0
2025-10-01,09:41:30.000,184.32,975.0,184.05,184.6,675.0
2025-10-01,09:41:31.000,184.28,675.0,184.05,184.5,75.0
2025-10-01,09:41:32.000,184.28,675.0,184.05,184.5,75.0
2025-10-01,09:41:33.000,183.78,450.0,183.55,184.0,525.0
2025-10-01,09:41:34.000,183.78,900.0,183.55,184.0,75.0
2025-10-01,09:41:35.000,183.78,900.0,183.55,184.0,75.0
2025-10-01,09:41:36.000,183.7,600.0,183.4,184.0,675.0
2025-10-01,09:41:37.000,183.7,600.0,183.4,184.0,675.0
2025-10-01,09:41:38.000,183.98,525.0,183.75,184.2,450.0
2025-10-01,09:41:39.000,183.85,225.0,183.7,184.0,75.0
2025-10-01,09:41:40.000,183.85,225.0,183.7,184.0,75.0
2025-10-01,09:41:41.000,184.6,450.0,184.4,184.8,75.0
2025-10-01,09:41:42.000,184.6,450.0,184.4,184.8,75.0
2025-10-01,09:41:43.000,184.25,825.0,184.0,184.5,450.0
2025-10-01,09:41:44.000,184.28,600.0,184.05,184.5,1050.0
2025-10-01,09:41:45.000,184.28,600.0,184.05,184.5,1050.0
2025-10-01,09:41:46.000,184.28,450.0,184.05,184.5,525.0
2025-10-01,09:41:47.000,184.28,450.0,184.05,184.5,525.0
2025-10-01,09:41:48.000,184.2,900.0,184.0,184.4,825.0
2025-10-01,09:41:49.000,184.2,900.0,184.0,184.4,1050.0
2025-10-01,09:41:50.000,184.2,900.0,184.0,184.4,1050.0
2025-10-01,09:41:51.000,184.25,375.0,184.05,184.45,225.0
2025-10-01,09:41:52.000,184.25,375.0,184.05,184.45,225.0
2025-10-01,09:41:53.000,184.5,1200.0,184.35,184.65,375.0
2025-10-01,09:41:54.000,184.3,75.0,184.1,184.5,375.0
2025-10-01,09:41:55.000,184.3,75.0,184.1,184.5,375.0
2025-10-01,09:41:56.000,184.32,300.0,184.1,184.55,450.0
2025-10-01,09:41:57.000,184.32,300.0,184.1,184.55,450.0
2025-10-01,09:41:58.000,184.28,375.0,184.05,184.5,375.0
2025-10-01,09:41:59.000,184.78,375.0,184.55,185.0,900.0
2025-10-01,09:42:00.000,184.78,375.0,184.55,185.0,900.0
2025-10-01,09:42:01.000,184.45,75.0,184.2,184.7,450.0
2025-10-01,09:42:02.000,184.45,75.0,184.2,184.7,450.0
2025-10-01,09:42:03.000,184.0,75.0,183.8,184.2,75.0
2025-10-01,09:42:04.000,184.68,75.0,184.55,184.8,450.0
2025-10-01,09:42:05.000,184.68,75.0,184.55,184.8,450.0
2025-10-01,09:42:06.000,184.52,450.0,184.3,184.75,225.0
2025-10-01,09:42:07.000,184.52,450.0,184.3,184.75,225.0
2025-10-01,09:42:08.000,184.45,300.0,184.2,184.7,750.0
2025-10-01,09:42:09.000,184.62,75.0,184.5,184.75,300.0
2025-10-01,09:42:10.000,184.62,75.0,184.5,184.75,300.0
2025-10-01,09:42:11.000,184.48,375.0,184.25,184.7,75.0
2025-10-01,09:42:12.000,184.48,375.0,184.25,184.7,75.0
2025-10-01,09:42:13.000,184.52,525.0,184.3,184.75,75.0
2025-10-01,09:42:14.000,184.7,75.0,184.45,184.95,300.0
2025-10-01,09:42:15.000,184.7,75.0,184.45,184.95,300.0
2025-10-01,09:42:16.000,184.5,300.0,184.25,184.75,1050.0
2025-10-01,09:42:17.000,184.5,300.0,184.25,184.75,1050.0
2025-10-01,09:42:18.000,184.52,375.0,184.3,184.75,525.0
2025-10-01,09:42:19.000,184.78,450.0,184.55,185.0,450.0
2025-10-01,09:42:20.000,184.78,450.0,184.55,185.0,450.0
2025-10-01,09:42:21.000,184.65,75.0,184.5,184.8,225.0
2025-10-01,09:42:22.000,184.65,75.0,184.5,184.8,225.0
2025-10-01,09:42:23.000,185.78,150.0,185.55,186.0,225.0
2025-10-01,09:42:24.000,185.8,75.0,185.6,186.0,150.0
2025-10-01,09:42:25.000,185.8,75.0,185.6,186.0,150.0
2025-10-01,09:42:26.000,186.22,300.0,186.0,186.45,525.0
2025-10-01,09:42:27.000,186.22,300.0,186.0,186.45,525.0
2025-10-01,09:42:28.000,186.42,300.0,186.25,186.6,2850.0
2025-10-01,09:42:29.000,186.0,75.0,185.8,186.2,600.0
2025-10-01,09:42:30.000,186.0,75.0,185.8,186.2,600.0
2025-10-01,09:42:31.000,185.92,525.0,185.7,186.15,600.0
2025-10-01,09:42:32.000,185.95,75.0,185.75,186.15,675.0
2025-10-01,09:42:33.000,185.95,75.0,185.75,186.15,675.0
2025-10-01,09:42:34.000,186.35,75.0,186.15,186.55,1050.0
2025-10-01,09:42:35.000,186.35,75.0,186.15,186.55,1050.0
2025-10-01,09:42:36.000,186.18,75.0,185.95,186.4,150.0
2025-10-01,09:42:37.000,185.75,375.0,185.5,186.0,825.0
2025-10-01,09:42:38.000,185.75,375.0,185.5,186.0,825.0
2025-10-01,09:42:39.000,185.98,675.0,185.75,186.2,600.0
2025-10-01,09:42:40.000,185.98,675.0,185.75,186.2,600.0
2025-10-01,09:42:41.000,186.9,825.0,186.8,187.0,75.0
2025-10-01,09:42:42.000,187.02,300.0,186.8,187.25,900.0
2025-10-01,09:42:43.000,187.02,300.0,186.8,187.25,900.0
2025-10-01,09:42:44.000,186.32,525.0,186.05,186.6,675.0
2025-10-01,09:42:45.000,186.32,525.0,186.05,186.6,675.0
2025-10-01,09:42:46.000,186.52,525.0,186.3,186.75,975.0
2025-10-01,09:42:47.000,186.95,75.0,186.9,187.0,75.0
2025-10-01,09:42:48.000,186.95,75.0,186.9,187.0,75.0
2025-10-01,09:42:49.000,186.38,600.0,186.15,186.6,525.0
2025-10-01,09:42:50.000,186.38,600.0,186.15,186.6,525.0
2025-10-01,09:42:51.000,186.02,75.0,185.8,186.25,975.0
2025-10-01,09:42:52.000,186.2,375.0,185.95,186.45,1050.0
2025-10-01,09:42:53.000,186.2,375.0,185.95,186.45,1050.0
2025-10-01,09:42:54.000,186.22,300.0,186.0,186.45,1050.0
2025-10-01,09:42:55.000,186.22,300.0,186.0,186.45,1050.0
2025-10-01,09:42:56.000,185.98,300.0,185.75,186.2,975.0
2025-10-01,09:42:57.000,185.92,225.0,185.7,186.15,1275.0
2025-10-01,09:42:58.000,185.92,225.0,185.7,186.15,1275.0
2025-10-01,09:42:59.000,186.0,225.0,185.8,186.2,450.0
2025-10-01,09:43:00.000,186.0,225.0,185.8,186.2,450.0
2025-10-01,09:43:01.000,185.75,825.0,185.5,186.0,750.0
2025-10-01,09:43:02.000,186.28,375.0,186.05,186.5,1050.0
2025-10-01,09:43:03.000,186.28,375.0,186.05,186.5,1050.0
2025-10-01,09:43:04.000,185.85,300.0,185.6,186.1,75.0
2025-10-01,09:43:05.000,185.85,300.0,185.6,186.1,75.0
2025-10-01,09:43:06.000,185.65,825.0,185.4,185.9,600.0
2025-10-01,09:43:07.000,185.62,300.0,185.4,185.85,900.0
2025-10-01,09:43:08.000,185.62,300.0,185.4,185.85,900.0
2025-10-01,09:43:09.000,185.7,600.0,185.45,185.95,600.0
2025-10-01,09:43:10.000,185.7,600.0,185.45,185.95,600.0
2025-10-01,09:43:11.000,185.55,225.0,185.35,185.75,450.0
2025-10-01,09:43:12.000,185.75,75.0,185.55,185.95,75.0
2025-10-01,09:43:13.000,185.75,75.0,185.55,185.95,75.0
2025-10-01,09:43:14.000,185.32,300.0,185.15,185.5,150.0
2025-10-01,09:43:15.000,185.32,300.0,185.15,185.5,150.0
2025-10-01,09:43:16.000,185.58,225.0,185.4,185.75,375.0
2025-10-01,09:43:17.000,186.05,150.0,185.85,186.25,225.0
2025-10-01,09:43:18.000,186.05,150.0,185.85,186.25,225.0
2025-10-01,09:43:19.000,186.2,75.0,185.95,186.45,1125.0
2025-10-01,09:43:20.000,186.2,75.0,185.95,186.45,1125.0
2025-10-01,09:43:21.000,187.08,375.0,186.85,187.3,150.0
2025-10-01,09:43:22.000,187.58,75.0,187.45,187.7,300.0
2025-10-01,09:43:23.000,187.58,75.0,187.45,187.7,300.0
2025-10-01,09:43:24.000,187.3,525.0,187.05,187.55,300.0
2025-10-01,09:43:25.000,187.3,525.0,187.05,187.55,300.0
2025-10-01,09:43:26.000,187.8,75.0,187.7,187.9,525.0
2025-10-01,09:43:27.000,187.4,825.0,187.15,187.65,300.0
2025-10-01,09:43:28.000,187.4,825.0,187.15,187.65,300.0
2025-10-01,09:43:29.000,186.98,300.0,186.75,187.2,75.0
2025-10-01,09:43:30.000,186.98,300.0,186.75,187.2,75.0
2025-10-01,09:43:31.000,186.45,525.0,186.2,186.7,675.0
2025-10-01,09:43:32.000,186.12,300.0,185.9,186.35,375.0
2025-10-01,09:43:33.000,186.12,300.0,185.9,186.35,375.0
2025-10-01,09:43:34.000,186.38,75.0,186.15,186.6,375.0
2025-10-01,09:43:35.000,186.38,75.0,186.15,186.6,375.0
2025-10-01,09:43:36.000,186.25,525.0,186.0,186.5,375.0
2025-10-01,09:43:37.000,185.88,525.0,185.75,186.0,1575.0
2025-10-01,09:43:38.000,185.88,525.0,185.75,186.0,1575.0
2025-10-01,09:43:39.000,185.88,150.0,185.75,186.0,450.0
2025-10-01,09:43:40.000,185.88,150.0,185.75,186.0,450.0
2025-10-01,09:43:41.000,185.8,75.0,185.6,186.0,600.0
2025-10-01,09:43:42.000,185.6,150.0,185.5,185.7,75.0
2025-10-01,09:43:43.000,185.6,150.0,185.5,185.7,75.0
2025-10-01,09:43:44.000,185.85,225.0,185.7,186.0,1800.0
2025-10-01,09:43:45.000,185.85,225.0,185.7,186.0,1800.0
2025-10-01,09:43:46.000,186.22,225.0,186.0,186.45,975.0
2025-10-01,09:43:47.000,187.2,75.0,187.05,187.35,75.0
2025-10-01,09:43:48.000,187.2,75.0,187.05,187.35,75.0
2025-10-01,09:43:49.000,187.35,675.0,187.1,187.6,450.0
2025-10-01,09:43:50.000,187.35,675.0,187.1,187.6,450.0
2025-10-01,09:43:51.000,187.35,300.0,187.1,187.6,750.0
2025-10-01,09:43:52.000,186.78,300.0,186.55,187.0,75.0
2025-10-01,09:43:53.000,186.78,300.0,186.55,187.0,75.0
2025-10-01,09:43:54.000,187.05,75.0,186.85,187.25,450.0
2025-10-01,09:43:55.000,187.05,75.0,186.85,187.25,450.0
2025-10-01,09:43:56.000,188.25,75.0,188.1,188.4,225.0
2025-10-01,09:43:57.000,188.55,675.0,188.3,188.8,375.0
2025-10-01,09:43:58.000,188.55,675.0,188.3,188.8,375.0
2025-10-01,09:43:59.000,189.3,825.0,189.15,189.45,450.0
2025-10-01,09:44:00.000,189.3,825.0,189.15,189.45,450.0
2025-10-01,09:44:01.000,188.92,900.0,188.65,189.2,150.0
2025-10-01,09:44:02.000,188.68,300.0,188.45,188.9,150.0
2025-10-01,09:44:03.000,188.68,300.0,188.45,188.9,150.0
2025-10-01,09:44:04.000,188.9,300.0,188.7,189.1,675.0
2025-10-01,09:44:05.000,188.9,300.0,188.7,189.1,675.0
2025-10-01,09:44:06.000,189.88,300.0,189.75,190.0,2475.0
2025-10-01,09:44:07.000,189.32,600.0,189.1,189.55,150.0
2025-10-01,09:44:08.000,189.32,600.0,189.1,189.55,150.0
2025-10-01,09:44:09.000,189.75,300.0,189.55,189.95,300.0
2025-10-01,09:44:10.000,189.75,300.0,189.55,189.95,300.0
2025-10-01,09:44:11.000,189.88,75.0,189.75,190.0,2700.0
2025-10-01,09:44:12.000,189.88,450.0,189.75,190.0,2325.0
2025-10-01,09:44:13.000,189.88,450.0,189.75,190.0,2325.0
2025-10-01,09:44:14.000,189.9,75.0,189.8,190.0,1950.0
2025-10-01,09:44:15.000,189.9,75.0,189.8,190.0,1950.0
2025-10-01,09:44:16.000,190.1,150.0,189.9,190.3,300.0
2025-10-01,09:44:17.000,190.7,450.0,190.45,190.95,150.0
2025-10-01,09:44:18.000,190.7,450.0,190.45,190.95,150.0
2025-10-01,09:44:19.000,190.78,675.0,190.55,191.0,150.0
2025-10-01,09:44:20.000,190.78,675.0,190.55,191.0,150.0
2025-10-01,09:44:21.000,190.58,375.0,190.35,190.8,75.0
2025-10-01,09:44:22.000,190.92,375.0,190.65,191.2,225.0
2025-10-01,09:44:23.000,190.92,375.0,190.65,191.2,225.0
2025-10-01,09:44:24.000,190.92,300.0,190.7,191.15,75.0
2025-10-01,09:44:25.000,190.92,300.0,190.7,191.15,75.0
2025-10-01,09:44:26.000,191.8,150.0,191.6,192.0,75.0
2025-10-01,09:44:27.000,192.28,300.0,192.05,192.5,150.0
2025-10-01,09:44:28.000,192.28,300.0,192.05,192.5,150.0
2025-10-01,09:44:29.000,192.32,300.0,192.15,192.5,150.0
2025-10-01,09:44:30.000,192.32,300.0,192.15,192.5,150.0
2025-10-01,09:44:31.000,192.42,375.0,192.15,192.7,150.0
2025-10-01,09:44:32.000,192.12,600.0,191.85,192.4,75.0
2025-10-01,09:44:33.000,192.12,600.0,191.85,192.4,75.0
2025-10-01,09:44:34.000,191.35,525.0,191.1,191.6,375.0
2025-10-01,09:44:35.000,191.35,525.0,191.1,191.6,375.0
2025-10-01,09:44:36.000,191.65,75.0,191.4,191.9,1125.0
2025-10-01,09:44:37.000,191.28,450.0,191.0,191.55,600.0
2025-10-01,09:44:38.000,191.28,450.0,191.0,191.55,600.0
2025-10-01,09:44:39.000,191.0,300.0,190.75,191.25,600.0
2025-10-01,09:44:40.000,191.0,300.0,190.75,191.25,600.0
2025-10-01,09:44:41.000,190.7,225.0,190.5,190.9,75.0
2025-10-01,09:44:42.000,190.55,450.0,190.3,190.8,900.0
2025-10-01,09:44:43.000,190.55,450.0,190.3,190.8,900.0
2025-10-01,09:44:44.000,190.73,1050.0,190.4,191.05,75.0
2025-10-01,09:44:45.000,190.73,1050.0,190.4,191.05,75.0
2025-10-01,09:44:46.000,191.18,300.0,190.9,191.45,75.0
2025-10-01,09:44:47.000,191.82,900.0,191.65,192.0,1050.0
2025-10-01,09:44:48.000,191.82,900.0,191.65,192.0,1050.0
2025-10-01,09:44:49.000,191.5,525.0,191.35,191.65,1500.0
2025-10-01,09:44:50.000,191.5,525.0,191.35,191.65,1500.0
2025-10-01,09:44:51.000,191.25,75.0,191.05,191.45,450.0
2025-10-01,09:44:52.000,191.15,600.0,190.9,191.4,1425.0
2025-10-01,09:44:53.000,191.15,600.0,190.9,191.4,1425.0
2025-10-01,09:44:54.000,190.9,750.0,190.65,191.15,450.0
2025-10-01,09:44:55.000,190.9,750.0,190.65,191.15,450.0
2025-10-01,09:44:56.000,190.95,450.0,190.7,191.2,1425.0
2025-10-01,09:44:57.000,190.72,525.0,190.5,190.95,75.0
2025-10-01,09:44:58.000,190.72,525.0,190.5,190.95,75.0
2025-10-01,09:44:59.000,190.9,1050.0,190.65,191.15,375.0
2025-10-01,09:45:00.000,190.9,1050.0,190.65,191.15,375.0
2025-10-01,09:45:01.000,190.1,375.0,189.85,190.35,375.0
2025-10-01,09:45:02.000,189.48,225.0,189.25,189.7,675.0
2025-10-01,09:45:03.000,189.48,225.0,189.25,189.7,675.0
2025-10-01,09:45:04.000,189.72,525.0,189.45,190.0,825.0
2025-10-01,09:45:05.000,189.72,525.0,189.45,190.0,825.0
2025-10-01,09:45:06.000,190.08,300.0,189.9,190.25,300.0
