Date,Time,MID_PRICE,BID_SIZE,BID_PRICE,ASK_PRICE,ASK_SIZE
2025-10-01,09:15:00.000,201.0,75.0,200.05,201.95,375.0
2025-10-01,09:15:01.000,201.0,75.0,200.05,201.95,375.0
2025-10-01,09:15:02.000,201.0,75.0,200.05,201.95,375.0
2025-10-01,09:15:03.000,201.0,75.0,200.05,201.95,375.0
2025-10-01,09:15:04.000,201.0,75.0,200.05,201.95,375.0
2025-10-01,09:15:05.000,201.0,75.0,200.05,201.95,375.0
2025-10-01,09:15:06.000,201.0,75.0,200.05,201.95,375.0
2025-10-01,09:15:07.000,201.0,75.0,200.05,201.95,375.0
2025-10-01,09:15:08.000,201.0,75.0,200.05,201.95,375.0
2025-10-01,09:15:09.000,201.0,75.0,200.05,201.95,375.0
2025-10-01,09:15:10.000,201.0,75.0,200.05,201.95,375.0
2025-10-01,09:15:11.000,201.0,75.0,200.05,201.95,375.0
2025-10-01,09:15:12.000,201.0,75.0,200.05,201.95,375.0
2025-10-01,09:15:13.000,201.0,75.0,200.05,201.95,375.0
2025-10-01,09:15:14.000,201.0,75.0,200.05,201.95,375.0
2025-10-01,09:15:15.000,201.0,75.0,200.05,201.95,375.0
2025-10-01,09:15:16.000,202.5,150.0,201.15,203.85,900.0
2025-10-01,09:15:17.000,202.5,150.0,201.15,203.85,900.0
2025-10-01,09:15:18.000,202.0,225.0,201.05,202.95,225.0
2025-10-01,09:15:19.000,202.52,375.0,201.1,203.95,375.0
2025-10-01,09:15:20.000,201.0,225.0,200.05,201.95,375.0
2025-10-01,09:15:21.000,201.0,225.0,200.05,201.95,375.0
2025-10-01,09:15:22.000,201.58,150.0,200.2,202.95,1050.0
2025-10-01,09:15:23.000,200.7,225.0,199.45,201.95,1125.0
2025-10-01,09:15:24.000,200.7,225.0,199.45,201.95,1125.0
2025-10-01,09:15:25.000,199.58,75.0,199.05,200.1,300.0
2025-10-01,09:15:26.000,200.22,225.0,199.35,201.1,225.0
2025-10-01,09:15:27.000,198.75,825.0,197.8,199.7,450.0
2025-10-01,09:15:28.000,198.75,825.0,197.8,199.7,450.0
2025-10-01,09:15:29.000,198.12,150.0,197.55,198.7,225.0
2025-10-01,09:15:30.000,198.2,225.0,197.5,198.9,375.0
2025-10-01,09:15:31.000,197.62,825.0,197.1,198.15,450.0
2025-10-01,09:15:32.000,197.62,825.0,197.1,198.15,450.0
2025-10-01,09:15:33.000,198.28,600.0,197.4,199.15,375.0
2025-10-01,09:15:34.000,197.55,225.0,197.2,197.9,150.0
2025-10-01,09:15:35.000,198.28,975.0,197.65,198.9,1800.0
2025-10-01,09:15:36.000,198.28,975.0,197.65,198.9,1800.0
2025-10-01,09:15:37.000,197.15,225.0,196.6,197.7,150.0
2025-10-01,09:15:38.000,196.9,375.0,196.15,197.65,225.0
2025-10-01,09:15:39.000,197.3,750.0,196.8,197.8,150.0
2025-10-01,09:15:40.000,197.3,750.0,196.8,197.8,150.0
2025-10-01,09:15:41.000,197.48,225.0,197.1,197.85,375.0
2025-10-01,09:15:42.000,196.6,75.0,196.05,197.15,150.0
2025-10-01,09:15:43.000,196.18,225.0,195.6,196.75,375.0
2025-10-01,09:15:44.000,196.18,225.0,195.6,196.75,375.0
2025-10-01,09:15:45.000,196.08,225.0,195.6,196.55,450.0
2025-10-01,09:15:46.000,195.85,150.0,195.4,196.3,450.0
2025-10-01,09:15:47.000,195.92,1050.0,195.3,196.55,375.0
2025-10-01,09:15:48.000,195.72,600.0,195.2,196.25,450.0
2025-10-01,09:15:49.000,195.72,600.0,195.2,196.25,450.0
2025-10-01,09:15:50.000,194.62,450.0,194.25,195.0,225.0
2025-10-01,09:15:51.000,194.98,225.0,194.55,195.4,375.0
2025-10-01,09:15:52.000,194.88,150.0,194.45,195.3,450.0
2025-10-01,09:15:53.000,194.58,525.0,194.15,195.0,450.0
2025-10-01,09:15:54.000,194.58,525.0,194.15,195.0,450.0
2025-10-01,09:15:55.000,194.62,225.0,194.3,194.95,225.0
2025-10-01,09:15:56.000,194.12,225.0,193.5,194.75,300.0
2025-10-01,09:15:57.000,194.25,975.0,193.6,194.9,375.0
2025-10-01,09:15:58.000,194.25,975.0,193.6,194.9,375.0
2025-10-01,09:15:59.000,193.75,225.0,193.3,194.2,600.0
2025-10-01,09:16:00.000,194.65,375.0,193.35,195.95,375.0
2025-10-01,09:16:01.000,194.65,375.0,193.35,195.95,375.0
2025-10-01,09:16:02.000,192.52,450.0,192.05,193.0,150.0
2025-10-01,09:16:03.000,191.48,450.0,191.05,191.9,150.0
2025-10-01,09:16:04.000,192.5,750.0,192.0,193.0,150.0
2025-10-01,09:16:05.000,192.5,750.0,192.0,193.0,150.0
2025-10-01,09:16:06.000,193.35,150.0,192.75,193.95,375.0
2025-10-01,09:16:07.000,193.72,375.0,193.1,194.35,150.0
2025-10-01,09:16:08.000,195.35,375.0,193.65,197.05,75.0
2025-10-01,09:16:09.000,195.35,375.0,193.65,197.05,75.0
2025-10-01,09:16:10.000,194.35,900.0,193.8,194.9,150.0
2025-10-01,09:16:11.000,193.28,150.0,193.0,193.55,150.0
2025-10-01,09:16:12.000,193.7,225.0,193.35,194.05,450.0
2025-10-01,09:16:13.000,193.7,225.0,193.35,194.05,450.0
2025-10-01,09:16:14.000,193.65,225.0,193.3,194.0,450.0
2025-10-01,09:16:15.000,194.68,1050.0,193.5,195.85,1050.0
2025-10-01,09:16:16.000,193.85,600.0,193.25,194.45,600.0
2025-10-01,09:16:17.000,193.85,600.0,193.25,194.45,600.0
2025-10-01,09:16:18.000,192.25,375.0,191.65,192.85,375.0
2025-10-01,09:16:19.000,192.1,1350.0,191.45,192.75,375.0
2025-10-01,09:16:20.000,192.4,525.0,191.8,193.0,450.0
2025-10-01,09:16:21.000,192.4,525.0,191.8,193.0,450.0
2025-10-01,09:16:22.000,192.42,450.0,191.85,193.0,450.0
2025-10-01,09:16:23.000,192.95,375.0,192.05,193.85,150.0
2025-10-01,09:16:24.000,192.48,150.0,192.05,192.9,150.0
2025-10-01,09:16:25.000,192.48,150.0,192.05,192.9,150.0
2025-10-01,09:16:26.000,192.38,225.0,192.05,192.7,375.0
2025-10-01,09:16:27.000,192.58,375.0,192.05,193.1,450.0
2025-10-01,09:16:28.000,192.9,450.0,192.4,193.4,600.0
2025-10-01,09:16:29.000,192.35,150.0,191.95,192.75,600.0
2025-10-01,09:16:30.000,192.35,150.0,191.95,192.75,600.0
2025-10-01,09:16:31.000,192.1,750.0,191.55,192.65,450.0
2025-10-01,09:16:32.000,193.42,375.0,192.25,194.6,450.0
2025-10-01,09:16:33.000,192.65,450.0,192.15,193.15,150.0
2025-10-01,09:16:34.000,192.65,450.0,192.15,193.15,150.0
2025-10-01,09:16:35.000,191.58,1125.0,191.05,192.1,150.0
2025-10-01,09:16:36.000,191.3,225.0,190.95,191.65,450.0
2025-10-01,09:16:37.000,191.3,225.0,190.95,191.65,450.0
2025-10-01,09:16:38.000,191.55,375.0,190.45,192.65,900.0
2025-10-01,09:16:39.000,190.08,225.0,189.85,190.3,225.0
2025-10-01,09:16:40.000,190.1,375.0,189.85,190.35,150.0
2025-10-01,09:16:41.000,190.1,375.0,189.85,190.35,150.0
2025-10-01,09:16:42.000,189.22,75.0,189.0,189.45,150.0
2025-10-01,09:16:43.000,189.5,675.0,188.95,190.05,1875.0
2025-10-01,09:16:44.000,189.98,450.0,189.55,190.4,150.0
2025-10-01,09:16:45.000,189.98,450.0,189.55,190.4,150.0
2025-10-01,09:16:46.000,190.72,900.0,190.35,191.1,900.0
2025-10-01,09:16:47.000,189.9,375.0,189.45,190.35,975.0
2025-10-01,09:16:48.000,189.9,375.0,189.45,190.35,975.0
2025-10-01,09:16:49.000,190.15,375.0,189.8,190.5,150.0
2025-10-01,09:16:50.000,190.3,1050.0,189.9,190.7,150.0
2025-10-01,09:16:51.000,191.02,1050.0,190.55,191.5,900.0
2025-10-01,09:16:52.000,191.02,1050.0,190.55,191.5,900.0
2025-10-01,09:16:53.000,190.5,600.0,190.0,191.0,900.0
2025-10-01,09:16:54.000,190.6,600.0,190.15,191.05,900.0
2025-10-01,09:16:55.000,190.6,600.0,190.15,191.05,900.0
2025-10-01,09:16:56.000,190.27,600.0,189.95,190.6,900.0
2025-10-01,09:16:57.000,190.15,675.0,189.75,190.55,225.0
2025-10-01,09:16:58.000,190.0,300.0,189.55,190.45,300.0
2025-10-01,09:16:59.000,190.0,300.0,189.55,190.45,300.0
2025-10-01,09:17:00.000,190.02,600.0,189.55,190.5,900.0
2025-10-01,09:17:01.000,189.55,600.0,189.1,190.0,900.0
2025-10-01,09:17:02.000,189.55,600.0,189.1,190.0,900.0
2025-10-01,09:17:03.000,189.55,225.0,189.1,190.0,975.0
2025-10-01,09:17:04.000,189.28,150.0,189.05,189.5,900.0
2025-10-01,09:17:05.000,189.28,150.0,189.05,189.5,900.0
2025-10-01,09:17:06.000,189.28,150.0,189.05,189.5,900.0
2025-10-01,09:17:07.000,189.12,675.0,188.75,189.5,975.0
2025-10-01,09:17:08.000,189.02,600.0,188.65,189.4,900.0
2025-10-01,09:17:09.000,188.8,150.0,188.5,189.1,900.0
2025-10-01,09:17:10.000,188.8,150.0,188.5,189.1,900.0
2025-10-01,09:17:11.000,189.1,300.0,188.9,189.3,900.0
2025-10-01,09:17:12.000,189.28,75.0,189.0,189.55,900.0
2025-10-01,09:17:13.000,189.28,75.0,189.0,189.55,900.0
2025-10-01,09:17:14.000,188.98,75.0,188.55,189.4,975.0
2025-10-01,09:17:15.000,189.75,375.0,189.5,190.0,900.0
2025-10-01,09:17:16.000,189.88,750.0,189.6,190.15,975.0
2025-10-01,09:17:17.000,189.88,750.0,189.6,190.15,975.0
2025-10-01,09:17:18.000,191.3,600.0,190.1,192.5,600.0
2025-10-01,09:17:19.000,190.62,150.0,190.3,190.95,900.0
2025-10-01,09:17:20.000,191.1,600.0,190.75,191.45,975.0
2025-10-01,09:17:21.000,191.1,600.0,190.75,191.45,975.0
2025-10-01,09:17:22.000,190.38,225.0,190.05,190.7,975.0
2025-10-01,09:17:23.000,192.15,600.0,191.75,192.55,900.0
2025-10-01,09:17:24.000,192.15,600.0,191.75,192.55,900.0
2025-10-01,09:17:25.000,193.35,375.0,192.95,193.75,900.0
2025-10-01,09:17:26.000,192.75,150.0,192.55,192.95,75.0
2025-10-01,09:17:27.000,192.75,150.0,192.55,192.95,75.0
2025-10-01,09:17:28.000,193.75,375.0,193.3,194.2,975.0
2025-10-01,09:17:29.000,193.77,375.0,193.35,194.2,900.0
2025-10-01,09:17:30.000,194.48,150.0,194.1,194.85,900.0
2025-10-01,09:17:31.000,194.48,150.0,194.1,194.85,900.0
2025-10-01,09:17:32.000,194.62,450.0,194.2,195.05,975.0
2025-10-01,09:17:33.000,194.5,225.0,194.1,194.9,900.0
2025-10-01,09:17:34.000,194.22,150.0,193.85,194.6,975.0
2025-10-01,09:17:35.000,194.22,150.0,193.85,194.6,975.0
2025-10-01,09:17:36.000,193.95,75.0,193.4,194.5,900.0
2025-10-01,09:17:37.000,194.3,525.0,193.8,194.8,900.0
2025-10-01,09:17:38.000,194.3,525.0,193.8,194.8,900.0
2025-10-01,09:17:39.000,195.38,225.0,194.9,195.85,900.0
2025-10-01,09:17:40.000,195.32,600.0,194.8,195.85,975.0
2025-10-01,09:17:41.000,195.32,600.0,194.8,195.85,975.0
2025-10-01,09:17:42.000,195.77,225.0,195.35,196.2,900.0
2025-10-01,09:17:43.000,195.7,375.0,195.2,196.2,900.0
2025-10-01,09:17:44.000,195.42,450.0,194.95,195.9,975.0
2025-10-01,09:17:45.000,195.42,450.0,194.95,195.9,975.0
2025-10-01,09:17:46.000,195.32,225.0,194.9,195.75,900.0
2025-10-01,09:17:47.000,194.52,150.0,194.05,195.0,75.0
2025-10-01,09:17:48.000,193.45,375.0,193.05,193.85,900.0
2025-10-01,09:17:49.000,193.45,375.0,193.05,193.85,900.0
2025-10-01,09:17:50.000,193.72,150.0,193.35,194.1,900.0
2025-10-01,09:17:51.000,193.5,225.0,193.15,193.85,900.0
2025-10-01,09:17:52.000,194.55,150.0,194.05,195.05,900.0
2025-10-01,09:17:53.000,194.55,150.0,194.05,195.05,900.0
2025-10-01,09:17:54.000,195.18,300.0,194.7,195.65,900.0
2025-10-01,09:17:55.000,195.7,375.0,195.3,196.1,900.0
2025-10-01,09:17:56.000,195.7,375.0,195.3,196.1,900.0
2025-10-01,09:17:57.000,195.18,225.0,194.8,195.55,900.0
2025-10-01,09:17:58.000,196.05,2550.0,195.6,196.5,900.0
2025-10-01,09:17:59.000,196.9,225.0,196.55,197.25,900.0
2025-10-01,09:18:00.000,196.9,225.0,196.55,197.25,900.0
2025-10-01,09:18:01.000,197.42,300.0,196.95,197.9,150.0
2025-10-01,09:18:02.000,197.32,150.0,196.8,197.85,150.0
2025-10-01,09:18:03.000,197.32,150.0,196.8,197.85,150.0
2025-10-01,09:18:04.000,195.1,150.0,194.6,195.6,375.0
2025-10-01,09:18:05.000,195.27,225.0,194.6,195.95,150.0
2025-10-01,09:18:06.000,195.27,225.0,194.6,195.95,150.0
2025-10-01,09:18:07.000,195.75,225.0,195.35,196.15,300.0
2025-10-01,09:18:08.000,195.25,750.0,194.7,195.8,150.0
2025-10-01,09:18:09.000,195.25,750.0,194.7,195.8,150.0
2025-10-01,09:18:10.000,195.12,150.0,194.75,195.5,150.0
2025-10-01,09:18:11.000,195.05,375.0,194.6,195.5,150.0
2025-10-01,09:18:12.000,195.98,150.0,195.15,196.8,150.0
2025-10-01,09:18:13.000,195.98,150.0,195.15,196.8,150.0
2025-10-01,09:18:14.000,195.5,225.0,195.0,196.0,150.0
2025-10-01,09:18:15.000,195.48,150.0,195.0,195.95,150.0
2025-10-01,09:18:16.000,195.85,300.0,195.35,196.35,150.0
2025-10-01,09:18:17.000,195.85,300.0,195.35,196.35,150.0
2025-10-01,09:18:18.000,195.88,225.0,195.4,196.35,150.0
2025-10-01,09:18:19.000,196.1,225.0,195.65,196.55,150.0
2025-10-01,09:18:20.000,196.1,225.0,195.65,196.55,150.0
2025-10-01,09:18:21.000,195.28,150.0,195.05,195.5,75.0
2025-10-01,09:18:22.000,194.85,225.0,194.35,195.35,150.0
2025-10-01,09:18:23.000,194.9,225.0,194.5,195.3,150.0
2025-10-01,09:18:24.000,194.9,225.0,194.5,195.3,150.0
2025-10-01,09:18:25.000,194.5,225.0,194.1,194.9,150.0
2025-10-01,09:18:26.000,195.45,450.0,194.95,195.95,150.0
2025-10-01,09:18:27.000,195.45,450.0,194.95,195.95,150.0
2025-10-01,09:18:28.000,194.88,600.0,194.2,195.55,75.0
2025-10-01,09:18:29.000,193.95,225.0,193.5,194.4,150.0
2025-10-01,09:18:30.000,194.0,600.0,193.6,194.4,150.0
2025-10-01,09:18:31.000,194.0,600.0,193.6,194.4,150.0
2025-10-01,09:18:32.000,194.0,225.0,193.7,194.3,150.0
2025-10-01,09:18:33.000,193.08,225.0,192.6,193.55,150.0
2025-10-01,09:18:34.000,193.08,225.0,192.6,193.55,150.0
2025-10-01,09:18:35.000,193.9,675.0,193.45,194.35,150.0
2025-10-01,09:18:36.000,193.8,150.0,193.5,194.1,150.0
2025-10-01,09:18:37.000,193.6,150.0,193.15,194.05,150.0
2025-10-01,09:18:38.000,193.6,150.0,193.15,194.05,150.0
2025-10-01,09:18:39.000,194.42,75.0,194.1,194.75,150.0
2025-10-01,09:18:40.000,194.08,225.0,193.7,194.45,150.0
2025-10-01,09:18:41.000,194.08,225.0,193.7,194.45,150.0
2025-10-01,09:18:42.000,194.85,75.0,194.55,195.15,150.0
2025-10-01,09:18:43.000,194.8,525.0,194.4,195.2,150.0
2025-10-01,09:18:44.000,194.9,150.0,194.5,195.3,150.0
2025-10-01,09:18:45.000,194.9,150.0,194.5,195.3,150.0
2025-10-01,09:18:46.000,194.4,150.0,194.05,194.75,150.0
2025-10-01,09:18:47.000,194.4,150.0,194.05,194.75,150.0
2025-10-01,09:18:48.000,193.55,150.0,193.2,193.9,150.0
2025-10-01,09:18:49.000,194.12,450.0,193.75,194.5,150.0
2025-10-01,09:18:50.000,194.12,450.0,193.75,194.5,150.0
2025-10-01,09:18:51.000,193.98,750.0,193.55,194.4,150.0
2025-10-01,09:18:52.000,193.98,750.0,193.55,194.4,150.0
2025-10-01,09:18:53.000,194.2,75.0,194.0,194.4,150.0
2025-10-01,09:18:54.000,193.1,600.0,192.65,193.55,150.0
2025-10-01,09:18:55.000,193.1,600.0,192.65,193.55,150.0
2025-10-01,09:18:56.000,193.42,450.0,193.05,193.8,150.0
2025-10-01,09:18:57.000,193.42,450.0,193.05,193.8,150.0
2025-10-01,09:18:58.000,193.25,75.0,192.95,193.55,150.0
2025-10-01,09:18:59.000,192.68,450.0,192.15,193.2,150.0
2025-10-01,09:19:00.000,192.68,450.0,192.15,193.2,150.0
2025-10-01,09:19:01.000,191.8,150.0,191.4,192.2,150.0
2025-10-01,09:19:02.000,191.8,150.0,191.4,192.2,150.0
2025-10-01,09:19:03.000,192.23,150.0,191.9,192.55,225.0
2025-10-01,09:19:04.000,192.45,375.0,192.05,192.85,150.0
2025-10-01,09:19:05.000,192.45,375.0,192.05,192.85,150.0
2025-10-01,09:19:06.000,191.6,150.0,191.35,191.85,225.0
2025-10-01,09:19:07.000,191.6,150.0,191.35,191.85,225.0
2025-10-01,09:19:08.000,192.42,225.0,192.05,192.8,150.0
2025-10-01,09:19:09.000,192.65,675.0,192.1,193.2,150.0
2025-10-01,09:19:10.000,192.65,675.0,192.1,193.2,150.0
2025-10-01,09:19:11.000,191.88,225.0,191.35,192.4,225.0
2025-10-01,09:19:12.000,191.88,225.0,191.35,192.4,225.0
2025-10-01,09:19:13.000,191.48,225.0,191.1,191.85,150.0
2025-10-01,09:19:14.000,191.48,150.0,191.15,191.8,150.0
2025-10-01,09:19:15.000,191.48,150.0,191.15,191.8,150.0
2025-10-01,09:19:16.000,191.5,225.0,191.15,191.85,375.0
2025-10-01,09:19:17.000,191.5,225.0,191.15,191.85,375.0
2025-10-01,09:19:18.000,191.72,225.0,191.25,192.2,225.0
2025-10-01,09:19:19.000,190.82,225.0,190.45,191.2,225.0
2025-10-01,09:19:20.000,190.82,225.0,190.45,191.2,225.0
2025-10-01,09:19:21.000,190.2,150.0,190.0,190.4,375.0
2025-10-01,09:19:22.000,190.2,150.0,190.0,190.4,375.0
2025-10-01,09:19:23.000,191.02,150.0,190.05,192.0,750.0
2025-10-01,09:19:24.000,190.82,225.0,190.45,191.2,150.0
2025-10-01,09:19:25.000,190.82,225.0,190.45,191.2,150.0
2025-10-01,09:19:26.000,192.02,600.0,191.1,192.95,300.0
2025-10-01,09:19:27.000,192.02,600.0,191.1,192.95,300.0
2025-10-01,09:19:28.000,192.42,150.0,192.15,192.7,150.0
2025-10-01,09:19:29.000,192.35,150.0,192.05,192.65,150.0
2025-10-01,09:19:30.000,192.35,150.0,192.05,192.65,150.0
2025-10-01,09:19:31.000,193.4,225.0,193.05,193.75,150.0
2025-10-01,09:19:32.000,193.4,225.0,193.05,193.75,150.0
2025-10-01,09:19:33.000,192.48,375.0,192.0,192.95,150.0
2025-10-01,09:19:34.000,192.88,300.0,192.5,193.25,150.0
2025-10-01,09:19:35.000,192.88,300.0,192.5,193.25,150.0
2025-10-01,09:19:36.000,192.85,225.0,192.4,193.3,150.0
2025-10-01,09:19:37.000,192.85,225.0,192.4,193.3,150.0
2025-10-01,09:19:38.000,192.62,150.0,192.25,193.0,150.0
2025-10-01,09:19:39.000,192.72,225.0,192.35,193.1,150.0
2025-10-01,09:19:40.000,192.72,225.0,192.35,193.1,150.0
2025-10-01,09:19:41.000,193.25,225.0,192.9,193.6,150.0
2025-10-01,09:19:42.000,193.25,225.0,192.9,193.6,150.0
2025-10-01,09:19:43.000,193.5,600.0,193.05,193.95,150.0
2025-10-01,09:19:44.000,193.72,225.0,193.35,194.1,150.0
2025-10-01,09:19:45.000,193.72,225.0,193.35,194.1,150.0
2025-10-01,09:19:46.000,193.1,300.0,192.65,193.55,150.0
2025-10-01,09:19:47.000,193.1,300.0,192.65,193.55,150.0
2025-10-01,09:19:48.000,193.4,225.0,193.05,193.75,150.0
2025-10-01,09:19:49.000,192.65,75.0,192.3,193.0,150.0
2025-10-01,09:19:50.000,192.65,75.0,192.3,193.0,150.0
2025-10-01,09:19:51.000,191.38,150.0,191.1,191.65,150.0
2025-10-01,09:19:52.000,191.38,150.0,191.1,191.65,150.0
2025-10-01,09:19:53.000,191.23,225.0,190.8,191.65,150.0
2025-10-01,09:19:54.000,191.45,225.0,191.05,191.85,150.0
2025-10-01,09:19:55.000,191.45,225.0,191.05,191.85,150.0
2025-10-01,09:19:56.000,191.05,75.0,190.6,191.5,150.0
2025-10-01,09:19:57.000,191.05,75.0,190.6,191.5,150.0
2025-10-01,09:19:58.000,190.52,75.0,190.3,190.75,225.0
2025-10-01,09:19:59.000,189.85,375.0,189.4,190.3,225.0
2025-10-01,09:20:00.000,189.85,375.0,189.4,190.3,225.0
2025-10-01,09:20:01.000,189.3,150.0,188.95,189.65,150.0
2025-10-01,09:20:02.000,189.3,150.0,188.95,189.65,150.0
2025-10-01,09:20:03.000,189.08,150.0,188.15,190.0,225.0
2025-10-01,09:20:04.000,188.7,150.0,188.2,189.2,225.0
2025-10-01,09:20:05.000,188.7,150.0,188.2,189.2,225.0
2025-10-01,09:20:06.000,189.92,525.0,189.6,190.25,75.0
2025-10-01,09:20:07.000,189.92,525.0,189.6,190.25,75.0
2025-10-01,09:20:08.000,188.95,75.0,188.6,189.3,150.0
2025-10-01,09:20:09.000,188.92,300.0,188.5,189.35,150.0
2025-10-01,09:20:10.000,188.92,300.0,188.5,189.35,150.0
2025-10-01,09:20:11.000,188.4,225.0,188.05,188.75,225.0
2025-10-01,09:20:12.000,188.4,225.0,188.05,188.75,225.0
2025-10-01,09:20:13.000,188.28,75.0,188.0,188.55,375.0
2025-10-01,09:20:14.000,188.15,75.0,188.0,188.3,150.0
2025-10-01,09:20:15.000,188.15,75.0,188.0,188.3,150.0
2025-10-01,09:20:16.000,187.25,225.0,186.95,187.55,150.0
2025-10-01,09:20:17.000,187.25,225.0,186.95,187.55,150.0
2025-10-01,09:20:18.000,187.95,375.0,187.55,188.35,150.0
2025-10-01,09:20:19.000,187.05,75.0,186.25,187.85,375.0
2025-10-01,09:20:20.000,187.05,75.0,186.25,187.85,375.0
2025-10-01,09:20:21.000,187.52,450.0,187.05,188.0,225.0
2025-10-01,09:20:22.000,187.52,450.0,187.05,188.0,225.0
2025-10-01,09:20:23.000,187.62,75.0,187.3,187.95,225.0
2025-10-01,09:20:24.000,187.28,525.0,186.9,187.65,150.0
2025-10-01,09:20:25.000,187.28,525.0,186.9,187.65,150.0
2025-10-01,09:20:26.000,186.95,225.0,186.6,187.3,150.0
2025-10-01,09:20:27.000,186.95,225.0,186.6,187.3,150.0
2025-10-01,09:20:28.000,186.75,525.0,186.3,187.2,150.0
2025-10-01,09:20:29.000,187.18,300.0,186.8,187.55,150.0
2025-10-01,09:20:30.000,187.18,300.0,186.8,187.55,150.0
2025-10-01,09:20:31.000,187.5,600.0,187.1,187.9,150.0
2025-10-01,09:20:32.000,187.5,600.0,187.1,187.9,150.0
2025-10-01,09:20:33.000,188.35,225.0,188.1,188.6,225.0
2025-10-01,09:20:34.000,188.05,75.0,187.7,188.4,150.0
2025-10-01,09:20:35.000,188.05,75.0,187.7,188.4,150.0
2025-10-01,09:20:36.000,188.45,750.0,188.05,188.85,375.0
2025-10-01,09:20:37.000,188.45,750.0,188.05,188.85,375.0
2025-10-01,09:20:38.000,187.95,525.0,187.5,188.4,375.0
2025-10-01,09:20:39.000,187.5,375.0,187.1,187.9,450.0
2025-10-01,09:20:40.000,187.5,375.0,187.1,187.9,450.0
2025-10-01,09:20:41.000,188.62,375.0,188.25,189.0,375.0
2025-10-01,09:20:42.000,189.1,675.0,188.65,189.55,375.0
2025-10-01,09:20:43.000,189.1,675.0,188.65,189.55,375.0
2025-10-01,09:20:44.000,189.0,225.0,188.7,189.3,225.0
2025-10-01,09:20:45.000,189.0,225.0,188.7,189.3,225.0
2025-10-01,09:20:46.000,188.92,150.0,188.7,189.15,375.0
2025-10-01,09:20:47.000,188.48,375.0,188.1,188.85,150.0
2025-10-01,09:20:48.000,188.48,375.0,188.1,188.85,150.0
2025-10-01,09:20:49.000,189.42,375.0,189.05,189.8,225.0
2025-10-01,09:20:50.000,189.42,375.0,189.05,189.8,225.0
2025-10-01,09:20:51.000,189.18,375.0,188.8,189.55,225.0
2025-10-01,09:20:52.000,189.05,450.0,188.65,189.45,450.0
2025-10-01,09:20:53.000,189.05,450.0,188.65,189.45,450.0
2025-10-01,09:20:54.000,190.62,750.0,190.2,191.05,225.0
2025-10-01,09:20:55.000,190.62,750.0,190.2,191.05,225.0
2025-10-01,09:20:56.000,191.58,375.0,191.05,192.1,150.0
2025-10-01,09:20:57.000,191.8,375.0,191.4,192.2,375.0
2025-10-01,09:20:58.000,191.8,375.0,191.4,192.2,375.0
2025-10-01,09:20:59.000,191.7,375.0,191.3,192.1,375.0
2025-10-01,09:21:00.000,191.7,375.0,191.3,192.1,375.0
2025-10-01,09:21:01.000,191.58,225.0,191.2,191.95,300.0
2025-10-01,09:21:02.000,190.85,375.0,190.35,191.35,375.0
2025-10-01,09:21:03.000,190.85,375.0,190.35,191.35,375.0
2025-10-01,09:21:04.000,190.52,225.0,190.05,191.0,375.0
2025-10-01,09:21:05.000,190.52,225.0,190.05,191.0,375.0
2025-10-01,09:21:06.000,190.35,375.0,190.05,190.65,375.0
2025-10-01,09:21:07.000,191.05,600.0,190.6,191.5,150.0
2025-10-01,09:21:08.000,191.05,600.0,190.6,191.5,150.0
2025-10-01,09:21:09.000,191.08,225.0,190.65,191.5,225.0
2025-10-01,09:21:10.000,191.08,225.0,190.65,191.5,225.0
2025-10-01,09:21:11.000,191.5,525.0,191.15,191.85,150.0
2025-10-01,09:21:12.000,191.08,300.0,190.65,191.5,375.0
2025-10-01,09:21:13.000,191.08,300.0,190.65,191.5,375.0
2025-10-01,09:21:14.000,191.3,225.0,190.95,191.65,225.0
2025-10-01,09:21:15.000,191.3,225.0,190.95,191.65,225.0
2025-10-01,09:21:16.000,191.9,150.0,191.4,192.4,375.0
2025-10-01,09:21:17.000,193.0,450.0,192.5,193.5,525.0
2025-10-01,09:21:18.000,193.0,450.0,192.5,193.5,525.0
2025-10-01,09:21:19.000,192.62,150.0,192.2,193.05,300.0
2025-10-01,09:21:20.000,192.62,150.0,192.2,193.05,300.0
2025-10-01,09:21:21.000,192.42,150.0,192.1,192.75,225.0
2025-10-01,09:21:22.000,191.32,150.0,191.05,191.6,150.0
2025-10-01,09:21:23.000,191.32,150.0,191.05,191.6,150.0
2025-10-01,09:21:24.000,190.9,150.0,190.5,191.3,300.0
2025-10-01,09:21:25.000,190.9,150.0,190.5,191.3,300.0
2025-10-01,09:21:26.000,189.9,150.0,189.55,190.25,75.0
2025-10-01,09:21:27.000,189.42,225.0,189.1,189.75,225.0
2025-10-01,09:21:28.000,189.42,225.0,189.1,189.75,225.0
2025-10-01,09:21:29.000,189.52,525.0,189.05,190.0,375.0
2025-10-01,09:21:30.000,189.52,525.0,189.05,190.0,375.0
2025-10-01,09:21:31.000,190.02,375.0,189.6,190.45,150.0
2025-10-01,09:21:32.000,190.1,150.0,189.85,190.35,375.0
2025-10-01,09:21:33.000,190.1,150.0,189.85,190.35,375.0
2025-10-01,09:21:34.000,190.58,75.0,190.2,190.95,225.0
2025-10-01,09:21:35.000,190.58,75.0,190.2,190.95,225.0
2025-10-01,09:21:36.000,190.45,225.0,190.1,190.8,225.0
2025-10-01,09:21:37.000,190.55,225.0,190.2,190.9,375.0
2025-10-01,09:21:38.000,190.55,225.0,190.2,190.9,375.0
2025-10-01,09:21:39.000,191.6,225.0,191.15,192.05,150.0
2025-10-01,09:21:40.000,191.6,225.0,191.15,192.05,150.0
2025-10-01,09:21:41.000,191.22,150.0,190.75,191.7,375.0
2025-10-01,09:21:42.000,191.25,525.0,190.7,191.8,225.0
2025-10-01,09:21:43.000,191.25,525.0,190.7,191.8,225.0
2025-10-01,09:21:44.000,191.25,525.0,190.7,191.8,225.0
2025-10-01,09:21:45.000,191.25,525.0,190.7,191.8,225.0
2025-10-01,09:21:46.000,190.62,150.0,190.2,191.05,225.0
2025-10-01,09:21:47.000,190.78,150.0,190.4,191.15,375.0
2025-10-01,09:21:48.000,190.78,150.0,190.4,191.15,375.0
2025-10-01,09:21:49.000,191.32,225.0,190.9,191.75,450.0
2025-10-01,09:21:50.000,191.32,225.0,190.9,191.75,450.0
2025-10-01,09:21:51.000,191.35,75.0,190.95,191.75,375.0
2025-10-01,09:21:52.000,191.25,225.0,190.9,191.6,375.0
2025-10-01,09:21:53.000,191.25,225.0,190.9,191.6,375.0
2025-10-01,09:21:54.000,191.05,150.0,190.7,191.4,375.0
2025-10-01,09:21:55.000,191.05,150.0,190.7,191.4,375.0
2025-10-01,09:21:56.000,191.5,300.0,191.05,191.95,450.0
2025-10-01,09:21:57.000,192.15,225.0,191.7,192.6,225.0
2025-10-01,09:21:58.000,192.15,225.0,191.7,192.6,225.0
2025-10-01,09:21:59.000,192.35,600.0,191.9,192.8,225.0
2025-10-01,09:22:00.000,192.35,600.0,191.9,192.8,225.0
2025-10-01,09:22:01.000,192.98,150.0,192.55,193.4,225.0
2025-10-01,09:22:02.000,193.12,150.0,192.7,193.55,750.0
2025-10-01,09:22:03.000,193.12,150.0,192.7,193.55,750.0
2025-10-01,09:22:04.000,193.08,375.0,192.5,193.65,225.0
2025-10-01,09:22:05.000,193.08,375.0,192.5,193.65,225.0
2025-10-01,09:22:06.000,193.73,225.0,193.4,194.05,525.0
2025-10-01,09:22:07.000,193.28,225.0,192.9,193.65,450.0
2025-10-01,09:22:08.000,193.28,225.0,192.9,193.65,450.0
2025-10-01,09:22:09.000,193.3,525.0,192.85,193.75,375.0
2025-10-01,09:22:10.000,193.3,525.0,192.85,193.75,375.0
2025-10-01,09:22:11.000,192.77,375.0,192.2,193.35,375.0
2025-10-01,09:22:12.000,193.02,375.0,192.55,193.5,600.0
2025-10-01,09:22:13.000,193.02,375.0,192.55,193.5,600.0
2025-10-01,09:22:14.000,193.62,375.0,193.2,194.05,675.0
2025-10-01,09:22:15.000,193.62,375.0,193.2,194.05,675.0
2025-10-01,09:22:16.000,193.77,525.0,193.35,194.2,225.0
2025-10-01,09:22:17.000,193.52,750.0,193.15,193.9,375.0
2025-10-01,09:22:18.000,193.52,750.0,193.15,193.9,375.0
2025-10-01,09:22:19.000,194.02,450.0,193.5,194.55,300.0
2025-10-01,09:22:20.000,194.02,450.0,193.5,194.55,300.0
2025-10-01,09:22:21.000,193.77,375.0,193.35,194.2,375.0
2025-10-01,09:22:22.000,193.52,375.0,193.1,193.95,375.0
2025-10-01,09:22:23.000,193.52,375.0,193.1,193.95,375.0
2025-10-01,09:22:24.000,193.72,375.0,193.35,194.1,375.0
2025-10-01,09:22:25.000,193.72,375.0,193.35,194.1,375.0
2025-10-01,09:22:26.000,193.92,375.0,193.55,194.3,600.0
2025-10-01,09:22:27.000,193.58,300.0,193.2,193.95,375.0
2025-10-01,09:22:28.000,193.58,300.0,193.2,193.95,375.0
2025-10-01,09:22:29.000,193.35,375.0,193.0,193.7,375.0
2025-10-01,09:22:30.000,193.35,375.0,193.0,193.7,375.0
2025-10-01,09:22:31.000,193.15,375.0,192.8,193.5,225.0
2025-10-01,09:22:32.000,192.95,300.0,192.55,193.35,225.0
2025-10-01,09:22:33.000,192.95,300.0,192.55,193.35,225.0
2025-10-01,09:22:34.000,192.45,375.0,192.1,192.8,375.0
2025-10-01,09:22:35.000,192.45,375.0,192.1,192.8,375.0
2025-10-01,09:22:36.000,192.45,375.0,192.1,192.8,375.0
2025-10-01,09:22:37.000,193.0,375.0,192.6,193.4,375.0
2025-10-01,09:22:38.000,193.0,375.0,192.6,193.4,375.0
2025-10-01,09:22:39.000,192.42,225.0,192.1,192.75,225.0
2025-10-01,09:22:40.000,192.42,225.0,192.1,192.75,225.0
2025-10-01,09:22:41.000,192.52,375.0,192.1,192.95,150.0
2025-10-01,09:22:42.000,192.7,375.0,192.3,193.1,375.0
2025-10-01,09:22:43.000,192.7,375.0,192.3,193.1,375.0
2025-10-01,09:22:44.000,192.65,225.0,192.3,193.0,375.0
2025-10-01,09:22:45.000,192.65,225.0,192.3,193.0,375.0
2025-10-01,09:22:46.000,192.65,375.0,192.2,193.1,150.0
2025-10-01,09:22:47.000,193.05,375.0,192.7,193.4,375.0
2025-10-01,09:22:48.000,193.05,375.0,192.7,193.4,375.0
2025-10-01,09:22:49.000,192.98,825.0,192.55,193.4,375.0
2025-10-01,09:22:50.000,192.98,825.0,192.55,193.4,375.0
2025-10-01,09:22:51.000,192.92,750.0,192.55,193.3,375.0
2025-10-01,09:22:52.000,192.35,300.0,192.05,192.65,225.0
2025-10-01,09:22:53.000,192.35,300.0,192.05,192.65,225.0
2025-10-01,09:22:54.000,192.3,75.0,192.05,192.55,375.0
2025-10-01,09:22:55.000,192.3,75.0,192.05,192.55,375.0
2025-10-01,09:22:56.000,191.9,675.0,191.5,192.3,450.0
2025-10-01,09:22:57.000,190.98,225.0,190.6,191.35,225.0
2025-10-01,09:22:58.000,190.98,225.0,190.6,191.35,225.0
2025-10-01,09:22:59.000,191.25,375.0,190.8,191.7,375.0
2025-10-01,09:23:00.000,191.25,375.0,190.8,191.7,375.0
2025-10-01,09:23:01.000,191.45,375.0,191.05,191.85,225.0
2025-10-01,09:23:02.000,191.2,225.0,190.85,191.55,225.0
2025-10-01,09:23:03.000,191.2,225.0,190.85,191.55,225.0
2025-10-01,09:23:04.000,190.95,225.0,190.4,191.5,375.0
2025-10-01,09:23:05.000,190.95,225.0,190.4,191.5,375.0
2025-10-01,09:23:06.000,190.75,375.0,190.35,191.15,525.0
2025-10-01,09:23:07.000,191.52,375.0,191.1,191.95,450.0
2025-10-01,09:23:08.000,191.52,375.0,191.1,191.95,450.0
2025-10-01,09:23:09.000,191.6,225.0,191.25,191.95,675.0
2025-10-01,09:23:10.000,191.6,225.0,191.25,191.95,675.0
2025-10-01,09:23:11.000,190.77,675.0,190.35,191.2,225.0
2025-10-01,09:23:12.000,192.08,225.0,191.65,192.5,450.0
2025-10-01,09:23:13.000,192.08,225.0,191.65,192.5,450.0
2025-10-01,09:23:14.000,192.32,525.0,192.0,192.65,450.0
2025-10-01,09:23:15.000,192.32,525.0,192.0,192.65,450.0
2025-10-01,09:23:16.000,192.82,375.0,192.5,193.15,375.0
2025-10-01,09:23:17.000,193.8,225.0,193.45,194.15,225.0
2025-10-01,09:23:18.000,193.8,225.0,193.45,194.15,225.0
2025-10-01,09:23:19.000,193.62,75.0,193.35,193.9,225.0
2025-10-01,09:23:20.000,193.62,75.0,193.35,193.9,225.0
2025-10-01,09:23:21.000,193.68,375.0,193.3,194.05,375.0
2025-10-01,09:23:22.000,192.75,375.0,192.15,193.35,600.0
2025-10-01,09:23:23.000,192.75,375.0,192.15,193.35,600.0
2025-10-01,09:23:24.000,192.95,375.0,192.55,193.35,225.0
2025-10-01,09:23:25.000,192.95,375.0,192.55,193.35,225.0
2025-10-01,09:23:26.000,192.58,375.0,192.2,192.95,150.0
2025-10-01,09:23:27.000,192.1,375.0,191.75,192.45,450.0
2025-10-01,09:23:28.000,192.1,375.0,191.75,192.45,450.0
2025-10-01,09:23:29.000,191.6,75.0,191.25,191.95,375.0
2025-10-01,09:23:30.000,191.6,75.0,191.25,191.95,375.0
2025-10-01,09:23:31.000,192.23,225.0,191.8,192.65,225.0
2025-10-01,09:23:32.000,192.55,375.0,192.2,192.9,375.0
2025-10-01,09:23:33.000,192.55,375.0,192.2,192.9,375.0
2025-10-01,09:23:34.000,192.58,300.0,192.3,192.85,375.0
2025-10-01,09:23:35.000,192.58,300.0,192.3,192.85,375.0
2025-10-01,09:23:36.000,192.48,375.0,192.05,192.9,375.0
2025-10-01,09:23:37.000,191.75,225.0,191.35,192.15,375.0
2025-10-01,09:23:38.000,191.75,225.0,191.35,192.15,375.0
2025-10-01,09:23:39.000,191.25,375.0,190.85,191.65,375.0
2025-10-01,09:23:40.000,191.25,375.0,190.85,191.65,375.0
2025-10-01,09:23:41.000,191.25,375.0,190.85,191.65,375.0
2025-10-01,09:23:42.000,192.12,375.0,191.7,192.55,375.0
2025-10-01,09:23:43.000,192.12,375.0,191.7,192.55,375.0
2025-10-01,09:23:44.000,192.0,225.0,191.6,192.4,375.0
2025-10-01,09:23:45.000,191.4,375.0,190.95,191.85,375.0
2025-10-01,09:23:46.000,191.4,375.0,190.95,191.85,375.0
2025-10-01,09:23:47.000,191.88,375.0,191.5,192.25,375.0
2025-10-01,09:23:48.000,191.88,375.0,191.5,192.25,375.0
2025-10-01,09:23:49.000,192.15,525.0,191.8,192.5,375.0
2025-10-01,09:23:50.000,192.08,375.0,191.8,192.35,375.0
2025-10-01,09:23:51.000,192.08,375.0,191.8,192.35,375.0
2025-10-01,09:23:52.000,193.12,150.0,192.8,193.45,225.0
2025-10-01,09:23:53.000,193.12,150.0,192.8,193.45,225.0
2025-10-01,09:23:54.000,193.88,300.0,193.15,194.6,375.0
2025-10-01,09:23:55.000,194.32,75.0,193.9,194.75,375.0
2025-10-01,09:23:56.000,194.32,75.0,193.9,194.75,375.0
2025-10-01,09:23:57.000,193.82,300.0,193.2,194.45,225.0
2025-10-01,09:23:58.000,193.82,300.0,193.2,194.45,225.0
2025-10-01,09:23:59.000,194.05,300.0,193.7,194.4,225.0
2025-10-01,09:24:00.000,194.0,525.0,193.15,194.85,375.0
2025-10-01,09:24:01.000,194.0,525.0,193.15,194.85,375.0
2025-10-01,09:24:02.000,194.48,225.0,194.0,194.95,375.0
2025-10-01,09:24:03.000,194.48,225.0,194.0,194.95,375.0
2025-10-01,09:24:04.000,194.4,75.0,194.05,194.75,375.0
2025-10-01,09:24:05.000,194.42,375.0,193.95,194.9,450.0
2025-10-01,09:24:06.000,194.42,375.0,193.95,194.9,450.0
2025-10-01,09:24:07.000,194.72,75.0,194.35,195.1,375.0
2025-10-01,09:24:08.000,194.72,75.0,194.35,195.1,375.0
2025-10-01,09:24:09.000,194.85,525.0,194.5,195.2,375.0
2025-10-01,09:24:10.000,194.8,375.0,194.35,195.25,375.0
2025-10-01,09:24:11.000,194.8,375.0,194.35,195.25,375.0
2025-10-01,09:24:12.000,194.8,525.0,194.4,195.2,450.0
2025-10-01,09:24:13.000,194.8,525.0,194.4,195.2,450.0
2025-10-01,09:24:14.000,194.78,450.0,194.4,195.15,300.0
2025-10-01,09:24:15.000,194.38,300.0,194.05,194.7,375.0
2025-10-01,09:24:16.000,194.38,300.0,194.05,194.7,375.0
2025-10-01,09:24:17.000,195.05,300.0,194.7,195.4,450.0
2025-10-01,09:24:18.000,195.05,300.0,194.7,195.4,450.0
2025-10-01,09:24:19.000,195.0,300.0,194.65,195.35,375.0
2025-10-01,09:24:20.000,195.55,300.0,195.2,195.9,225.0
2025-10-01,09:24:21.000,195.55,300.0,195.2,195.9,225.0
2025-10-01,09:24:22.000,195.4,450.0,195.0,195.8,450.0
2025-10-01,09:24:23.000,195.4,450.0,195.0,195.8,450.0
2025-10-01,09:24:24.000,195.02,300.0,194.6,195.45,375.0
2025-10-01,09:24:25.000,195.28,225.0,195.0,195.55,375.0
2025-10-01,09:24:26.000,195.28,225.0,195.0,195.55,375.0
2025-10-01,09:24:27.000,195.45,300.0,195.0,195.9,750.0
2025-10-01,09:24:28.000,195.45,300.0,195.0,195.9,750.0
2025-10-01,09:24:29.000,195.42,300.0,195.05,195.8,450.0
2025-10-01,09:24:30.000,195.42,300.0,195.05,195.8,450.0
2025-10-01,09:24:31.000,195.32,150.0,195.0,195.65,450.0
2025-10-01,09:24:32.000,194.77,300.0,194.45,195.1,75.0
2025-10-01,09:24:33.000,194.77,300.0,194.45,195.1,75.0
2025-10-01,09:24:34.000,194.25,300.0,193.85,194.65,450.0
2025-10-01,09:24:35.000,194.25,300.0,193.85,194.65,450.0
2025-10-01,09:24:36.000,193.73,300.0,193.4,194.05,300.0
2025-10-01,09:24:37.000,193.55,300.0,193.15,193.95,375.0
2025-10-01,09:24:38.000,193.55,300.0,193.15,193.95,375.0
2025-10-01,09:24:39.000,193.42,225.0,193.0,193.85,375.0
2025-10-01,09:24:40.000,193.42,225.0,193.0,193.85,375.0
2025-10-01,09:24:41.000,192.92,300.0,192.45,193.4,600.0
2025-10-01,09:24:42.000,193.65,300.0,193.25,194.05,300.0
2025-10-01,09:24:43.000,193.65,300.0,193.25,194.05,300.0
2025-10-01,09:24:44.000,193.88,75.0,193.5,194.25,375.0
2025-10-01,09:24:45.000,193.88,75.0,193.5,194.25,375.0
2025-10-01,09:24:46.000,193.9,75.0,193.55,194.25,225.0
2025-10-01,09:24:47.000,194.12,300.0,193.7,194.55,375.0
2025-10-01,09:24:48.000,194.12,300.0,193.7,194.55,375.0
2025-10-01,09:24:49.000,194.25,300.0,193.8,194.7,600.0
2025-10-01,09:24:50.000,194.25,300.0,193.8,194.7,600.0
2025-10-01,09:24:51.000,194.92,300.0,194.5,195.35,225.0
2025-10-01,09:24:52.000,195.58,375.0,195.2,195.95,150.0
2025-10-01,09:24:53.000,195.58,375.0,195.2,195.95,150.0
2025-10-01,09:24:54.000,196.22,300.0,195.75,196.7,225.0
2025-10-01,09:24:55.000,196.22,300.0,195.75,196.7,225.0
2025-10-01,09:24:56.000,196.18,75.0,195.75,196.6,375.0
2025-10-01,09:24:57.000,195.6,75.0,195.3,195.9,225.0
2025-10-01,09:24:58.000,195.6,75.0,195.3,195.9,225.0
2025-10-01,09:24:59.000,196.3,75.0,195.95,196.65,375.0
2025-10-01,09:25:00.000,196.3,75.0,195.95,196.65,375.0
2025-10-01,09:25:01.000,196.1,75.0,195.75,196.45,225.0
2025-10-01,09:25:02.000,196.3,75.0,195.95,196.65,375.0
2025-10-01,09:25:03.000,196.3,75.0,195.95,196.65,375.0
2025-10-01,09:25:04.000,196.45,75.0,196.15,196.75,300.0
2025-10-01,09:25:05.000,196.45,75.0,196.15,196.75,300.0
2025-10-01,09:25:06.000,196.45,75.0,196.15,196.75,225.0
2025-10-01,09:25:07.000,195.52,225.0,195.15,195.9,375.0
2025-10-01,09:25:08.000,195.52,225.0,195.15,195.9,375.0
2025-10-01,09:25:09.000,195.82,675.0,195.35,196.3,150.0
2025-10-01,09:25:10.000,195.82,675.0,195.35,196.3,150.0
2025-10-01,09:25:11.000,196.5,450.0,196.05,196.95,300.0
2025-10-01,09:25:12.000,196.55,375.0,196.2,196.9,225.0
2025-10-01,09:25:13.000,196.55,375.0,196.2,196.9,225.0
2025-10-01,09:25:14.000,197.0,525.0,196.6,197.4,225.0
2025-10-01,09:25:15.000,197.0,525.0,196.6,197.4,225.0
2025-10-01,09:25:16.000,196.98,300.0,196.6,197.35,150.0
2025-10-01,09:25:17.000,197.4,75.0,197.1,197.7,150.0
2025-10-01,09:25:18.000,197.4,75.0,197.1,197.7,150.0
2025-10-01,09:25:19.000,197.4,375.0,197.05,197.75,150.0
2025-10-01,09:25:20.000,197.5,225.0,197.2,197.8,225.0
2025-10-01,09:25:21.000,197.5,225.0,197.2,197.8,225.0
2025-10-01,09:25:22.000,196.6,75.0,196.1,197.1,300.0
2025-10-01,09:25:23.000,196.6,75.0,196.1,197.1,300.0
2025-10-01,09:25:24.000,197.15,375.0,196.8,197.5,150.0
2025-10-01,09:25:25.000,196.88,375.0,196.45,197.3,300.0
2025-10-01,09:25:26.000,196.88,375.0,196.45,197.3,300.0
2025-10-01,09:25:27.000,196.65,450.0,196.25,197.05,300.0
2025-10-01,09:25:28.000,196.65,450.0,196.25,197.05,300.0
2025-10-01,09:25:29.000,196.42,75.0,196.15,196.7,225.0
2025-10-01,09:25:30.000,196.58,75.0,196.25,196.9,150.0
2025-10-01,09:25:31.000,196.58,75.0,196.25,196.9,150.0
2025-10-01,09:25:32.000,196.38,375.0,196.1,196.65,150.0
2025-10-01,09:25:33.000,196.38,375.0,196.1,196.65,150.0
2025-10-01,09:25:34.000,196.9,375.0,196.55,197.25,450.0
2025-10-01,09:25:35.000,196.7,375.0,196.45,196.95,150.0
2025-10-01,09:25:36.000,196.7,375.0,196.45,196.95,150.0
2025-10-01,09:25:37.000,196.75,375.0,196.5,197.0,150.0
2025-10-01,09:25:38.000,196.75,375.0,196.5,197.0,150.0
2025-10-01,09:25:39.000,197.58,300.0,197.3,197.85,225.0
2025-10-01,09:25:40.000,198.42,300.0,198.15,198.7,225.0
2025-10-01,09:25:41.000,198.42,300.0,198.15,198.7,225.0
2025-10-01,09:25:42.000,198.48,375.0,198.05,198.9,150.0
2025-10-01,09:25:43.000,198.48,375.0,198.05,198.9,150.0
2025-10-01,09:25:44.000,197.72,375.0,197.35,198.1,225.0
2025-10-01,09:25:45.000,197.4,375.0,197.1,197.7,375.0
2025-10-01,09:25:46.000,197.4,375.0,197.1,197.7,375.0
2025-10-01,09:25:47.000,197.55,225.0,197.2,197.9,150.0
2025-10-01,09:25:48.000,197.55,225.0,197.2,197.9,150.0
2025-10-01,09:25:49.000,198.38,225.0,198.0,198.75,300.0
2025-10-01,09:25:50.000,197.98,375.0,197.5,198.45,450.0
2025-10-01,09:25:51.000,197.98,375.0,197.5,198.45,450.0
2025-10-01,09:25:52.000,197.92,375.0,197.55,198.3,300.0
2025-10-01,09:25:53.000,197.92,375.0,197.55,198.3,300.0
2025-10-01,09:25:54.000,197.58,375.0,197.25,197.9,75.0
2025-10-01,09:25:55.000,197.48,375.0,197.15,197.8,150.0
2025-10-01,09:25:56.000,197.48,375.0,197.15,197.8,150.0
2025-10-01,09:25:57.000,196.75,225.0,196.35,197.15,225.0
2025-10-01,09:25:58.000,196.75,225.0,196.35,197.15,225.0
2025-10-01,09:25:59.000,196.95,675.0,196.55,197.35,375.0
2025-10-01,09:26:00.000,196.42,450.0,196.05,196.8,300.0
2025-10-01,09:26:01.000,196.42,450.0,196.05,196.8,300.0
2025-10-01,09:26:02.000,196.4,450.0,196.1,196.7,75.0
2025-10-01,09:26:03.000,196.4,450.0,196.1,196.7,75.0
2025-10-01,09:26:04.000,196.35,225.0,196.05,196.65,300.0
2025-10-01,09:26:05.000,196.0,300.0,195.7,196.3,525.0
2025-10-01,09:26:06.000,196.0,300.0,195.7,196.3,525.0
2025-10-01,09:26:07.000,195.58,525.0,195.25,195.9,225.0
2025-10-01,09:26:08.000,195.58,525.0,195.25,195.9,225.0
2025-10-01,09:26:09.000,195.08,450.0,194.7,195.45,525.0
2025-10-01,09:26:10.000,195.48,900.0,195.05,195.9,375.0
2025-10-01,09:26:11.000,195.48,900.0,195.05,195.9,375.0
2025-10-01,09:26:12.000,194.8,450.0,194.35,195.25,375.0
2025-10-01,09:26:13.000,194.8,450.0,194.35,195.25,375.0
2025-10-01,09:26:14.000,193.52,750.0,193.15,193.9,75.0
2025-10-01,09:26:15.000,193.38,300.0,193.05,193.7,375.0
2025-10-01,09:26:16.000,193.38,300.0,193.05,193.7,375.0
2025-10-01,09:26:17.000,193.45,225.0,193.1,193.8,300.0
2025-10-01,09:26:18.000,193.45,225.0,193.1,193.8,300.0
2025-10-01,09:26:19.000,194.48,225.0,194.05,194.9,225.0
2025-10-01,09:26:20.000,195.3,150.0,195.0,195.6,375.0
2025-10-01,09:26:21.000,195.3,150.0,195.0,195.6,375.0
2025-10-01,09:26:22.000,195.8,375.0,195.45,196.15,225.0
2025-10-01,09:26:23.000,195.8,375.0,195.45,196.15,225.0
2025-10-01,09:26:24.000,194.9,375.0,194.5,195.3,225.0
2025-10-01,09:26:25.000,195.75,600.0,195.3,196.2,375.0
2025-10-01,09:26:26.000,195.75,600.0,195.3,196.2,375.0
2025-10-01,09:26:27.000,196.12,375.0,195.7,196.55,75.0
2025-10-01,09:26:28.000,196.12,375.0,195.7,196.55,75.0
2025-10-01,09:26:29.000,195.62,75.0,195.3,195.95,75.0
2025-10-01,09:26:30.000,195.8,375.0,195.35,196.25,75.0
2025-10-01,09:26:31.000,195.8,375.0,195.35,196.25,75.0
2025-10-01,09:26:32.000,195.98,450.0,195.6,196.35,75.0
2025-10-01,09:26:33.000,195.98,450.0,195.6,196.35,75.0
2025-10-01,09:26:34.000,195.6,450.0,195.3,195.9,150.0
2025-10-01,09:26:35.000,195.72,450.0,195.35,196.1,225.0
2025-10-01,09:26:36.000,195.72,450.0,195.35,196.1,225.0
2025-10-01,09:26:37.000,195.8,375.0,195.5,196.1,225.0
2025-10-01,09:26:38.000,195.8,375.0,195.5,196.1,225.0
2025-10-01,09:26:39.000,195.85,375.0,195.55,196.15,225.0
2025-10-01,09:26:40.000,196.15,375.0,195.8,196.5,75.0
2025-10-01,09:26:41.000,196.15,375.0,195.8,196.5,75.0
2025-10-01,09:26:42.000,196.15,375.0,195.8,196.5,75.0
2025-10-01,09:26:43.000,196.15,375.0,195.8,196.5,75.0
2025-10-01,09:26:44.000,197.4,375.0,197.05,197.75,225.0
2025-10-01,09:26:45.000,196.52,375.0,196.15,196.9,225.0
2025-10-01,09:26:46.000,196.52,375.0,196.15,196.9,225.0
2025-10-01,09:26:47.000,196.58,900.0,196.05,197.1,525.0
2025-10-01,09:26:48.000,196.58,900.0,196.05,197.1,525.0
2025-10-01,09:26:49.000,196.42,225.0,196.05,196.8,525.0
2025-10-01,09:26:50.000,197.28,150.0,197.0,197.55,75.0
2025-10-01,09:26:51.000,197.28,150.0,197.0,197.55,75.0
2025-10-01,09:26:52.000,197.1,225.0,196.75,197.45,75.0
2025-10-01,09:26:53.000,197.1,225.0,196.75,197.45,75.0
2025-10-01,09:26:54.000,197.32,150.0,197.0,197.65,75.0
2025-10-01,09:26:55.000,197.35,225.0,197.05,197.65,75.0
2025-10-01,09:26:56.000,197.35,225.0,197.05,197.65,75.0
2025-10-01,09:26:57.000,197.38,300.0,197.05,197.7,75.0
2025-10-01,09:26:58.000,197.38,300.0,197.05,197.7,75.0
2025-10-01,09:26:59.000,197.0,375.0,196.5,197.5,225.0
2025-10-01,09:27:00.000,197.68,300.0,197.2,198.15,450.0
2025-10-01,09:27:01.000,197.68,300.0,197.2,198.15,450.0
2025-10-01,09:27:02.000,197.52,450.0,197.05,198.0,150.0
2025-10-01,09:27:03.000,197.52,450.0,197.05,198.0,150.0
2025-10-01,09:27:04.000,197.08,450.0,196.65,197.5,525.0
2025-10-01,09:27:05.000,196.9,375.0,196.5,197.3,75.0
2025-10-01,09:27:06.000,196.9,375.0,196.5,197.3,75.0
2025-10-01,09:27:07.000,196.55,225.0,196.05,197.05,375.0
2025-10-01,09:27:08.000,196.55,225.0,196.05,197.05,375.0
2025-10-01,09:27:09.000,197.08,375.0,196.55,197.6,525.0
2025-10-01,09:27:10.000,197.32,375.0,196.9,197.75,75.0
2025-10-01,09:27:11.000,197.32,375.0,196.9,197.75,75.0
2025-10-01,09:27:12.000,197.75,525.0,197.3,198.2,75.0
2025-10-01,09:27:13.000,197.75,525.0,197.3,198.2,75.0
2025-10-01,09:27:14.000,197.45,450.0,197.05,197.85,75.0
2025-10-01,09:27:15.000,197.12,375.0,196.7,197.55,75.0
2025-10-01,09:27:16.000,197.12,375.0,196.7,197.55,75.0
2025-10-01,09:27:17.000,197.75,525.0,197.4,198.1,1350.0
2025-10-01,09:27:18.000,197.75,525.0,197.4,198.1,1350.0
2025-10-01,09:27:19.000,197.05,450.0,196.5,197.6,975.0
2025-10-01,09:27:20.000,196.98,525.0,196.55,197.4,600.0
2025-10-01,09:27:21.000,196.98,525.0,196.55,197.4,600.0
2025-10-01,09:27:22.000,196.98,450.0,196.55,197.4,450.0
2025-10-01,09:27:23.000,196.98,450.0,196.55,197.4,450.0
2025-10-01,09:27:24.000,196.5,375.0,196.1,196.9,75.0
2025-10-01,09:27:25.000,195.98,675.0,195.45,196.5,75.0
2025-10-01,09:27:26.000,195.98,675.0,195.45,196.5,75.0
2025-10-01,09:27:27.000,196.6,600.0,196.2,197.0,75.0
2025-10-01,09:27:28.000,196.6,600.0,196.2,197.0,75.0
2025-10-01,09:27:29.000,196.9,375.0,196.6,197.2,75.0
2025-10-01,09:27:30.000,197.68,525.0,197.45,197.9,75.0
2025-10-01,09:27:31.000,197.68,525.0,197.45,197.9,75.0
2025-10-01,09:27:32.000,197.95,375.0,197.6,198.3,75.0
2025-10-01,09:27:33.000,197.95,375.0,197.6,198.3,75.0
2025-10-01,09:27:34.000,198.4,375.0,198.05,198.75,75.0
2025-10-01,09:27:35.000,197.62,450.0,197.15,198.1,300.0
2025-10-01,09:27:36.000,197.62,450.0,197.15,198.1,300.0
2025-10-01,09:27:37.000,198.02,225.0,197.75,198.3,225.0
2025-10-01,09:27:38.000,198.02,225.0,197.75,198.3,225.0
2025-10-01,09:27:39.000,197.68,75.0,197.35,198.0,75.0
2025-10-01,09:27:40.000,197.62,525.0,197.2,198.05,525.0
2025-10-01,09:27:41.000,197.62,525.0,197.2,198.05,525.0
2025-10-01,09:27:42.000,197.15,525.0,196.75,197.55,225.0
2025-10-01,09:27:43.000,197.15,525.0,196.75,197.55,225.0
2025-10-01,09:27:44.000,197.12,450.0,196.8,197.45,75.0
2025-10-01,09:27:45.000,197.02,375.0,196.7,197.35,75.0
2025-10-01,09:27:46.000,197.02,375.0,196.7,197.35,75.0
2025-10-01,09:27:47.000,197.18,225.0,196.75,197.6,525.0
2025-10-01,09:27:48.000,197.18,225.0,196.75,197.6,525.0
2025-10-01,09:27:49.000,197.1,225.0,196.75,197.45,225.0
2025-10-01,09:27:50.000,197.02,375.0,196.6,197.45,600.0
2025-10-01,09:27:51.000,197.02,375.0,196.6,197.45,600.0
2025-10-01,09:27:52.000,197.28,300.0,196.9,197.65,150.0
2025-10-01,09:27:53.000,197.28,300.0,196.9,197.65,150.0
2025-10-01,09:27:54.000,196.88,225.0,196.5,197.25,150.0
2025-10-01,09:27:55.000,196.82,450.0,196.45,197.2,150.0
2025-10-01,09:27:56.000,196.82,450.0,196.45,197.2,150.0
2025-10-01,09:27:57.000,196.32,150.0,196.0,196.65,150.0
2025-10-01,09:27:58.000,196.32,150.0,196.0,196.65,150.0
2025-10-01,09:27:59.000,196.38,375.0,196.05,196.7,150.0
2025-10-01,09:28:00.000,197.35,150.0,197.0,197.7,150.0
2025-10-01,09:28:01.000,197.35,150.0,197.0,197.7,150.0
2025-10-01,09:28:02.000,197.35,150.0,197.0,197.7,450.0
2025-10-01,09:28:03.000,197.35,150.0,197.0,197.7,450.0
2025-10-01,09:28:04.000,197.58,75.0,197.2,197.95,150.0
2025-10-01,09:28:05.000,197.0,300.0,196.55,197.45,150.0
2025-10-01,09:28:06.000,197.0,300.0,196.55,197.45,150.0
2025-10-01,09:28:07.000,198.18,750.0,197.75,198.6,375.0
2025-10-01,09:28:08.000,198.18,750.0,197.75,198.6,375.0
2025-10-01,09:28:09.000,197.4,75.0,197.05,197.75,150.0
2025-10-01,09:28:10.000,197.65,750.0,197.25,198.05,150.0
2025-10-01,09:28:11.000,197.65,750.0,197.25,198.05,150.0
2025-10-01,09:28:12.000,198.12,375.0,197.7,198.55,150.0
2025-10-01,09:28:13.000,198.12,375.0,197.7,198.55,150.0
2025-10-01,09:28:14.000,197.98,225.0,197.6,198.35,525.0
2025-10-01,09:28:15.000,197.4,150.0,197.0,197.8,900.0
2025-10-01,09:28:16.000,197.4,150.0,197.0,197.8,900.0
2025-10-01,09:28:17.000,198.35,150.0,198.0,198.7,1050.0
2025-10-01,09:28:18.000,198.35,150.0,198.0,198.7,1050.0
2025-10-01,09:28:19.000,197.73,375.0,197.3,198.15,150.0
2025-10-01,09:28:20.000,197.15,375.0,196.75,197.55,150.0
2025-10-01,09:28:21.000,197.15,375.0,196.75,197.55,150.0
2025-10-01,09:28:22.000,197.6,225.0,197.15,198.05,150.0
2025-10-01,09:28:23.000,197.6,225.0,197.15,198.05,150.0
2025-10-01,09:28:24.000,198.18,600.0,197.7,198.65,225.0
2025-10-01,09:28:25.000,198.55,375.0,198.1,199.0,750.0
2025-10-01,09:28:26.000,198.55,375.0,198.1,199.0,750.0
2025-10-01,09:28:27.000,198.45,525.0,198.1,198.8,150.0
2025-10-01,09:28:28.000,198.45,525.0,198.1,198.8,150.0
2025-10-01,09:28:29.000,198.6,375.0,198.15,199.05,225.0
2025-10-01,09:28:30.000,198.92,900.0,198.45,199.4,225.0
2025-10-01,09:28:31.000,198.92,900.0,198.45,199.4,225.0
2025-10-01,09:28:32.000,199.0,225.0,198.6,199.4,150.0
2025-10-01,09:28:33.000,199.0,225.0,198.6,199.4,150.0
2025-10-01,09:28:34.000,198.98,450.0,198.6,199.35,150.0
2025-10-01,09:28:35.000,199.38,300.0,199.0,199.75,225.0
2025-10-01,09:28:36.000,199.38,300.0,199.0,199.75,225.0
2025-10-01,09:28:37.000,199.32,225.0,198.95,199.7,225.0
2025-10-01,09:28:38.000,199.32,225.0,198.95,199.7,225.0
2025-10-01,09:28:39.000,199.18,600.0,198.7,199.65,150.0
2025-10-01,09:28:40.000,199.05,225.0,198.7,199.4,75.0
2025-10-01,09:28:41.000,199.05,225.0,198.7,199.4,75.0
2025-10-01,09:28:42.000,198.9,375.0,198.5,199.3,75.0
2025-10-01,09:28:43.000,198.9,375.0,198.5,199.3,75.0
2025-10-01,09:28:44.000,198.88,225.0,198.4,199.35,375.0
2025-10-01,09:28:45.000,198.98,450.0,198.55,199.4,675.0
2025-10-01,09:28:46.000,198.98,450.0,198.55,199.4,675.0
2025-10-01,09:28:47.000,199.2,225.0,198.85,199.55,375.0
2025-10-01,09:28:48.000,199.2,225.0,198.85,199.55,375.0
2025-10-01,09:28:49.000,198.58,225.0,198.2,198.95,225.0
2025-10-01,09:28:50.000,198.68,375.0,198.35,199.0,150.0
2025-10-01,09:28:51.000,198.68,375.0,198.35,199.0,150.0
2025-10-01,09:28:52.000,197.9,525.0,197.45,198.35,600.0
2025-10-01,09:28:53.000,197.9,525.0,197.45,198.35,600.0
2025-10-01,09:28:54.000,198.42,300.0,198.05,198.8,525.0
2025-10-01,09:28:55.000,199.02,375.0,198.6,199.45,1125.0
2025-10-01,09:28:56.000,199.02,375.0,198.6,199.45,1125.0
2025-10-01,09:28:57.000,198.22,450.0,197.85,198.6,150.0
2025-10-01,09:28:58.000,198.22,450.0,197.85,198.6,150.0
2025-10-01,09:28:59.000,198.48,225.0,198.15,198.8,225.0
2025-10-01,09:29:00.000,198.3,300.0,197.75,198.85,975.0
2025-10-01,09:29:01.000,198.3,300.0,197.75,198.85,975.0
2025-10-01,09:29:02.000,198.02,600.0,197.65,198.4,150.0
2025-10-01,09:29:03.000,198.02,600.0,197.65,198.4,150.0
2025-10-01,09:29:04.000,198.2,450.0,197.8,198.6,225.0
2025-10-01,09:29:05.000,198.2,450.0,197.75,198.65,600.0
2025-10-01,09:29:06.000,198.2,450.0,197.75,198.65,600.0
2025-10-01,09:29:07.000,198.05,300.0,197.75,198.35,75.0
2025-10-01,09:29:08.000,198.05,300.0,197.75,198.35,75.0
2025-10-01,09:29:09.000,198.65,75.0,198.3,199.0,750.0
2025-10-01,09:29:10.000,197.82,450.0,197.45,198.2,75.0
2025-10-01,09:29:11.000,197.82,450.0,197.45,198.2,75.0
2025-10-01,09:29:12.000,198.02,300.0,197.45,198.6,600.0
2025-10-01,09:29:13.000,198.02,300.0,197.45,198.6,600.0
2025-10-01,09:29:14.000,198.1,225.0,197.6,198.6,300.0
2025-10-01,09:29:15.000,198.08,300.0,197.5,198.65,225.0
2025-10-01,09:29:16.000,198.08,300.0,197.5,198.65,225.0
2025-10-01,09:29:17.000,196.9,750.0,196.15,197.65,225.0
2025-10-01,09:29:18.000,196.9,750.0,196.15,197.65,225.0
2025-10-01,09:29:19.000,197.32,300.0,197.05,197.6,150.0
2025-10-01,09:29:20.000,197.52,300.0,197.3,197.75,150.0
2025-10-01,09:29:21.000,197.52,300.0,197.3,197.75,150.0
2025-10-01,09:29:22.000,198.95,375.0,198.35,199.55,375.0
2025-10-01,09:29:23.000,198.95,375.0,198.35,199.55,375.0
2025-10-01,09:29:24.000,198.65,225.0,198.35,198.95,375.0
2025-10-01,09:29:25.000,199.12,300.0,198.7,199.55,450.0
2025-10-01,09:29:26.000,199.12,300.0,198.7,199.55,450.0
2025-10-01,09:29:27.000,199.27,225.0,198.95,199.6,450.0
2025-10-01,09:29:28.000,199.27,225.0,198.95,199.6,450.0
2025-10-01,09:29:29.000,198.75,525.0,198.4,199.1,225.0
2025-10-01,09:29:30.000,199.2,225.0,198.85,199.55,225.0
2025-10-01,09:29:31.000,199.2,225.0,198.85,199.55,225.0
2025-10-01,09:29:32.000,198.95,375.0,198.6,199.3,375.0
2025-10-01,09:29:33.000,198.95,375.0,198.6,199.3,375.0
2025-10-01,09:29:34.000,199.0,300.0,198.7,199.3,375.0
2025-10-01,09:29:35.000,199.15,375.0,198.8,199.5,225.0
2025-10-01,09:29:36.000,199.15,375.0,198.8,199.5,225.0
2025-10-01,09:29:37.000,199.05,375.0,198.7,199.4,375.0
2025-10-01,09:29:38.000,199.05,375.0,198.7,199.4,375.0
2025-10-01,09:29:39.000,199.55,75.0,199.2,199.9,375.0
2025-10-01,09:29:40.000,200.22,900.0,199.0,201.45,225.0
2025-10-01,09:29:41.000,200.22,900.0,199.0,201.45,225.0
2025-10-01,09:29:42.000,199.35,75.0,199.05,199.65,375.0
2025-10-01,09:29:43.000,199.35,75.0,199.05,199.65,375.0
2025-10-01,09:29:44.000,199.35,75.0,198.95,199.75,300.0
2025-10-01,09:29:45.000,199.2,150.0,198.9,199.5,375.0
2025-10-01,09:29:46.000,199.2,150.0,198.9,199.5,375.0
2025-10-01,09:29:47.000,199.45,300.0,199.15,199.75,450.0
2025-10-01,09:29:48.000,199.45,300.0,199.15,199.75,450.0
2025-10-01,09:29:49.000,198.98,75.0,198.75,199.2,225.0
2025-10-01,09:29:50.000,198.15,300.0,197.75,198.55,300.0
2025-10-01,09:29:51.000,198.15,300.0,197.75,198.55,300.0
2025-10-01,09:29:52.000,198.6,225.0,198.2,199.0,375.0
2025-10-01,09:29:53.000,198.6,225.0,198.2,199.0,375.0
2025-10-01,09:29:54.000,199.1,450.0,198.65,199.55,225.0
2025-10-01,09:29:55.000,199.28,375.0,198.9,199.65,75.0
2025-10-01,09:29:56.000,199.28,375.0,198.9,199.65,75.0
2025-10-01,09:29:57.000,199.58,225.0,199.2,199.95,375.0
2025-10-01,09:29:58.000,199.58,225.0,199.2,199.95,375.0
2025-10-01,09:29:59.000,199.82,225.0,199.45,200.2,375.0
2025-10-01,09:30:00.000,198.75,375.0,198.35,199.15,300.0
2025-10-01,09:30:01.000,198.75,375.0,198.35,199.15,300.0
2025-10-01,09:30:02.000,199.42,225.0,199.05,199.8,300.0
2025-10-01,09:30:03.000,199.42,225.0,199.05,199.8,300.0
2025-10-01,09:30:04.000,199.42,300.0,199.05,199.8,300.0
2025-10-01,09:30:05.000,199.62,225.0,199.25,200.0,450.0
2025-10-01,09:30:06.000,199.62,225.0,199.25,200.0,450.0
2025-10-01,09:30:07.000,199.62,300.0,199.25,200.0,225.0
2025-10-01,09:30:08.000,199.62,300.0,199.25,200.0,225.0
2025-10-01,09:30:09.000,200.02,225.0,199.65,200.4,300.0
2025-10-01,09:30:10.000,199.25,225.0,198.75,199.75,375.0
2025-10-01,09:30:11.000,199.25,225.0,198.75,199.75,375.0
2025-10-01,09:30:12.000,199.15,300.0,198.8,199.5,75.0
2025-10-01,09:30:13.000,199.15,300.0,198.8,199.5,75.0
2025-10-01,09:30:14.000,198.25,225.0,197.8,198.7,675.0
2025-10-01,09:30:15.000,198.1,375.0,197.6,198.6,375.0
2025-10-01,09:30:16.000,198.1,375.0,197.6,198.6,375.0
2025-10-01,09:30:17.000,198.48,525.0,198.0,198.95,525.0
2025-10-01,09:30:18.000,198.48,525.0,198.0,198.95,525.0
2025-10-01,09:30:19.000,198.18,525.0,197.8,198.55,375.0
2025-10-01,09:30:20.000,198.05,225.0,197.75,198.35,225.0
2025-10-01,09:30:21.000,198.05,225.0,197.75,198.35,225.0
2025-10-01,09:30:22.000,197.6,525.0,197.25,197.95,375.0
2025-10-01,09:30:23.000,197.6,525.0,197.25,197.95,375.0
2025-10-01,09:30:24.000,197.3,225.0,196.75,197.85,600.0
2025-10-01,09:30:25.000,197.38,375.0,197.05,197.7,225.0
2025-10-01,09:30:26.000,197.38,375.0,197.05,197.7,225.0
2025-10-01,09:30:27.000,197.2,450.0,196.8,197.6,450.0
2025-10-01,09:30:28.000,197.2,450.0,196.8,197.6,450.0
2025-10-01,09:30:29.000,196.6,675.0,196.15,197.05,525.0
2025-10-01,09:30:30.000,197.52,825.0,197.15,197.9,75.0
2025-10-01,09:30:31.000,197.52,825.0,197.15,197.9,75.0
2025-10-01,09:30:32.000,197.12,525.0,196.75,197.5,150.0
2025-10-01,09:30:33.000,197.12,525.0,196.75,197.5,150.0
2025-10-01,09:30:34.000,197.32,225.0,196.85,197.8,450.0
2025-10-01,09:30:35.000,197.55,450.0,197.15,197.95,225.0
2025-10-01,09:30:36.000,197.55,450.0,197.15,197.95,225.0
2025-10-01,09:30:37.000,197.62,600.0,197.3,197.95,150.0
2025-10-01,09:30:38.000,197.62,600.0,197.3,197.95,150.0
2025-10-01,09:30:39.000,197.85,525.0,197.45,198.25,150.0
2025-10-01,09:30:40.000,198.5,525.0,198.1,198.9,225.0
2025-10-01,09:30:41.000,198.5,525.0,198.1,198.9,225.0
2025-10-01,09:30:42.000,198.98,450.0,198.6,199.35,150.0
2025-10-01,09:30:43.000,198.98,450.0,198.6,199.35,150.0
2025-10-01,09:30:44.000,198.82,375.0,198.45,199.2,225.0
2025-10-01,09:30:45.000,199.25,525.0,198.95,199.55,225.0
2025-10-01,09:30:46.000,199.25,525.0,198.95,199.55,225.0
2025-10-01,09:30:47.000,199.45,450.0,199.1,199.8,150.0
2025-10-01,09:30:48.000,199.45,450.0,199.1,199.8,150.0
2025-10-01,09:30:49.000,200.22,600.0,199.95,200.5,75.0
2025-10-01,09:30:50.000,199.77,375.0,199.35,200.2,600.0
2025-10-01,09:30:51.000,199.77,375.0,199.35,200.2,600.0
2025-10-01,09:30:52.000,199.4,525.0,198.9,199.9,525.0
2025-10-01,09:30:53.000,199.4,525.0,198.9,199.9,525.0
2025-10-01,09:30:54.000,199.68,525.0,199.25,200.1,75.0
2025-10-01,09:30:55.000,200.12,375.0,199.65,200.6,675.0
2025-10-01,09:30:56.000,200.12,375.0,199.65,200.6,675.0
2025-10-01,09:30:57.000,199.7,300.0,199.35,200.05,75.0
2025-10-01,09:30:58.000,199.7,300.0,199.35,200.05,75.0
2025-10-01,09:30:59.000,199.55,375.0,199.25,199.85,75.0
2025-10-01,09:31:00.000,199.4,375.0,199.0,199.8,150.0
2025-10-01,09:31:01.000,199.4,375.0,199.0,199.8,150.0
2025-10-01,09:31:02.000,199.68,375.0,199.3,200.05,75.0
2025-10-01,09:31:03.000,199.68,375.0,199.3,200.05,75.0
2025-10-01,09:31:04.000,200.05,375.0,199.6,200.5,300.0
2025-10-01,09:31:05.000,199.9,375.0,199.55,200.25,75.0
2025-10-01,09:31:06.000,199.9,375.0,199.55,200.25,75.0
2025-10-01,09:31:07.000,199.6,300.0,199.2,200.0,225.0
2025-10-01,09:31:08.000,199.6,300.0,199.2,200.0,225.0
2025-10-01,09:31:09.000,199.25,375.0,198.85,199.65,75.0
2025-10-01,09:31:10.000,198.9,225.0,198.45,199.35,75.0
2025-10-01,09:31:11.000,198.9,225.0,198.45,199.35,75.0
2025-10-01,09:31:12.000,198.6,225.0,198.25,198.95,225.0
2025-10-01,09:31:13.000,198.6,225.0,198.25,198.95,225.0
2025-10-01,09:31:14.000,199.62,225.0,199.3,199.95,225.0
2025-10-01,09:31:15.000,199.6,225.0,199.25,199.95,300.0
2025-10-01,09:31:16.000,199.6,225.0,199.25,199.95,300.0
2025-10-01,09:31:17.000,199.18,150.0,198.8,199.55,225.0
2025-10-01,09:31:18.000,199.18,150.0,198.8,199.55,225.0
2025-10-01,09:31:19.000,199.45,225.0,199.05,199.85,450.0
2025-10-01,09:31:20.000,199.42,75.0,199.1,199.75,375.0
2025-10-01,09:31:21.000,199.42,75.0,199.1,199.75,375.0
2025-10-01,09:31:22.000,199.38,150.0,198.95,199.8,225.0
2025-10-01,09:31:23.000,199.38,150.0,198.95,199.8,225.0
2025-10-01,09:31:24.000,199.35,150.0,199.0,199.7,375.0
2025-10-01,09:31:25.000,199.25,225.0,198.85,199.65,375.0
2025-10-01,09:31:26.000,199.25,225.0,198.85,199.65,375.0
2025-10-01,09:31:27.000,199.05,75.0,198.8,199.3,225.0
2025-10-01,09:31:28.000,199.05,75.0,198.8,199.3,225.0
2025-10-01,09:31:29.000,198.3,75.0,198.05,198.55,225.0
2025-10-01,09:31:30.000,198.32,225.0,197.95,198.7,375.0
2025-10-01,09:31:31.000,198.32,225.0,197.95,198.7,375.0
2025-10-01,09:31:32.000,198.15,225.0,197.75,198.55,375.0
2025-10-01,09:31:33.000,198.15,225.0,197.75,198.55,375.0
2025-10-01,09:31:34.000,198.82,225.0,198.45,199.2,375.0
2025-10-01,09:31:35.000,198.42,225.0,198.0,198.85,450.0
2025-10-01,09:31:36.000,198.42,225.0,198.0,198.85,450.0
2025-10-01,09:31:37.000,199.02,150.0,198.6,199.45,375.0
2025-10-01,09:31:38.000,199.02,150.0,198.6,199.45,375.0
2025-10-01,09:31:39.000,199.12,300.0,198.7,199.55,375.0
2025-10-01,09:31:40.000,199.18,75.0,198.8,199.55,375.0
2025-10-01,09:31:41.000,199.18,75.0,198.8,199.55,375.0
2025-10-01,09:31:42.000,199.6,75.0,199.2,200.0,300.0
2025-10-01,09:31:43.000,199.6,75.0,199.2,200.0,300.0
2025-10-01,09:31:44.000,199.52,225.0,199.15,199.9,375.0
2025-10-01,09:31:45.000,199.5,75.0,199.1,199.9,375.0
2025-10-01,09:31:46.000,199.5,75.0,199.1,199.9,375.0
2025-10-01,09:31:47.000,198.52,225.0,198.1,198.95,375.0
2025-10-01,09:31:48.000,198.52,225.0,198.1,198.95,375.0
2025-10-01,09:31:49.000,198.62,375.0,198.25,199.0,375.0
2025-10-01,09:31:50.000,198.88,300.0,198.5,199.25,375.0
2025-10-01,09:31:51.000,198.88,300.0,198.5,199.25,375.0
2025-10-01,09:31:52.000,198.82,75.0,198.4,199.25,525.0
2025-10-01,09:31:53.000,198.82,75.0,198.4,199.25,525.0
2025-10-01,09:31:54.000,198.8,600.0,198.4,199.2,525.0
2025-10-01,09:31:55.000,198.42,300.0,198.05,198.8,375.0
2025-10-01,09:31:56.000,198.42,300.0,198.05,198.8,375.0
2025-10-01,09:31:57.000,197.68,750.0,197.35,198.0,525.0
2025-10-01,09:31:58.000,197.68,750.0,197.35,198.0,525.0
2025-10-01,09:31:59.000,196.95,150.0,196.5,197.4,225.0
2025-10-01,09:32:00.000,197.1,375.0,196.6,197.6,675.0
2025-10-01,09:32:01.000,197.1,375.0,196.6,197.6,675.0
2025-10-01,09:32:02.000,197.38,450.0,196.9,197.85,300.0
2025-10-01,09:32:03.000,197.38,450.0,196.9,197.85,300.0
2025-10-01,09:32:04.000,197.58,300.0,197.2,197.95,225.0
2025-10-01,09:32:05.000,197.82,600.0,197.45,198.2,225.0
2025-10-01,09:32:06.000,197.82,600.0,197.45,198.2,225.0
2025-10-01,09:32:07.000,197.68,300.0,197.3,198.05,375.0
2025-10-01,09:32:08.000,197.68,300.0,197.3,198.05,375.0
2025-10-01,09:32:09.000,197.58,75.0,197.2,197.95,375.0
2025-10-01,09:32:10.000,197.1,300.0,196.65,197.55,375.0
2025-10-01,09:32:11.000,197.1,300.0,196.65,197.55,375.0
2025-10-01,09:32:12.000,197.45,300.0,197.1,197.8,75.0
2025-10-01,09:32:13.000,197.45,300.0,197.1,197.8,75.0
2025-10-01,09:32:14.000,197.4,375.0,197.1,197.7,75.0
2025-10-01,09:32:15.000,197.38,75.0,197.1,197.65,225.0
2025-10-01,09:32:16.000,197.38,75.0,197.1,197.65,225.0
2025-10-01,09:32:17.000,197.18,75.0,197.1,197.25,75.0
2025-10-01,09:32:18.000,197.18,75.0,197.1,197.25,75.0
2025-10-01,09:32:19.000,197.3,75.0,197.1,197.5,75.0
2025-10-01,09:32:20.000,197.55,300.0,197.2,197.9,375.0
2025-10-01,09:32:21.000,197.55,300.0,197.2,197.9,375.0
2025-10-01,09:32:22.000,197.38,75.0,197.2,197.55,75.0
2025-10-01,09:32:23.000,197.38,75.0,197.2,197.55,75.0
2025-10-01,09:32:24.000,196.85,375.0,196.55,197.15,75.0
2025-10-01,09:32:25.000,197.15,75.0,196.9,197.4,75.0
2025-10-01,09:32:26.000,197.15,75.0,196.9,197.4,75.0
2025-10-01,09:32:27.000,197.08,375.0,196.6,197.55,300.0
2025-10-01,09:32:28.000,197.08,375.0,196.6,197.55,300.0
2025-10-01,09:32:29.000,197.18,75.0,197.05,197.3,75.0
2025-10-01,09:32:30.000,197.2,75.0,197.05,197.35,75.0
2025-10-01,09:32:31.000,197.2,75.0,197.05,197.35,75.0
2025-10-01,09:32:32.000,197.3,225.0,197.0,197.6,375.0
2025-10-01,09:32:33.000,197.3,225.0,197.0,197.6,375.0
2025-10-01,09:32:34.000,197.62,375.0,197.25,198.0,375.0
2025-10-01,09:32:35.000,197.68,75.0,197.3,198.05,375.0
2025-10-01,09:32:36.000,197.68,75.0,197.3,198.05,375.0
2025-10-01,09:32:37.000,197.1,450.0,196.75,197.45,375.0
2025-10-01,09:32:38.000,197.1,450.0,196.75,197.45,375.0
2025-10-01,09:32:39.000,196.88,525.0,196.55,197.2,375.0
2025-10-01,09:32:40.000,196.88,525.0,196.55,197.2,375.0
2025-10-01,09:32:41.000,196.95,75.0,196.6,197.3,375.0
2025-10-01,09:32:42.000,197.08,375.0,196.75,197.4,375.0
2025-10-01,09:32:43.000,197.08,375.0,196.75,197.4,375.0
2025-10-01,09:32:44.000,197.3,225.0,197.0,197.6,375.0
2025-10-01,09:32:45.000,197.3,225.0,197.0,197.6,375.0
2025-10-01,09:32:46.000,197.42,375.0,197.05,197.8,375.0
2025-10-01,09:32:47.000,197.22,75.0,196.95,197.5,375.0
2025-10-01,09:32:48.000,197.22,75.0,196.95,197.5,375.0
2025-10-01,09:32:49.000,197.0,75.0,196.65,197.35,375.0
2025-10-01,09:32:50.000,197.0,75.0,196.65,197.35,375.0
2025-10-01,09:32:51.000,197.3,375.0,197.0,197.6,150.0
2025-10-01,09:32:52.000,196.5,600.0,196.15,196.85,150.0
2025-10-01,09:32:53.000,196.5,600.0,196.15,196.85,150.0
2025-10-01,09:32:54.000,196.45,375.0,196.1,196.8,375.0
2025-10-01,09:32:55.000,196.45,375.0,196.1,196.8,375.0
2025-10-01,09:32:56.000,196.4,75.0,196.05,196.75,375.0
2025-10-01,09:32:57.000,196.9,75.0,196.55,197.25,150.0
2025-10-01,09:32:58.000,196.9,75.0,196.55,197.25,150.0
2025-10-01,09:32:59.000,197.3,75.0,197.0,197.6,150.0
2025-10-01,09:33:00.000,197.3,75.0,197.0,197.6,150.0
2025-10-01,09:33:01.000,197.8,75.0,197.5,198.1,150.0
2025-10-01,09:33:02.000,198.22,150.0,197.85,198.6,375.0
2025-10-01,09:33:03.000,198.22,150.0,197.85,198.6,375.0
2025-10-01,09:33:04.000,198.35,150.0,198.0,198.7,150.0
2025-10-01,09:33:05.000,198.35,150.0,198.0,198.7,150.0
2025-10-01,09:33:06.000,198.2,75.0,197.9,198.5,375.0
2025-10-01,09:33:07.000,198.6,150.0,198.35,198.85,150.0
2025-10-01,09:33:08.000,198.6,150.0,198.35,198.85,150.0
2025-10-01,09:33:09.000,198.6,75.0,198.3,198.9,375.0
2025-10-01,09:33:10.000,198.6,75.0,198.3,198.9,375.0
2025-10-01,09:33:11.000,199.45,75.0,199.2,199.7,150.0
2025-10-01,09:33:12.000,198.52,375.0,198.15,198.9,375.0
2025-10-01,09:33:13.000,198.52,375.0,198.15,198.9,375.0
2025-10-01,09:33:14.000,198.5,75.0,198.2,198.8,375.0
2025-10-01,09:33:15.000,198.5,75.0,198.2,198.8,375.0
2025-10-01,09:33:16.000,199.35,75.0,199.05,199.65,375.0
2025-10-01,09:33:17.000,199.08,375.0,198.7,199.45,225.0
2025-10-01,09:33:18.000,199.08,375.0,198.7,199.45,225.0
2025-10-01,09:33:19.000,199.15,300.0,198.85,199.45,450.0
2025-10-01,09:33:20.000,199.15,300.0,198.85,199.45,450.0
2025-10-01,09:33:21.000,199.5,300.0,199.25,199.75,375.0
2025-10-01,09:33:22.000,199.52,75.0,199.1,199.95,225.0
2025-10-01,09:33:23.000,199.52,75.0,199.1,199.95,225.0
2025-10-01,09:33:24.000,199.6,450.0,199.25,199.95,375.0
2025-10-01,09:33:25.000,199.6,450.0,199.25,199.95,375.0
2025-10-01,09:33:26.000,199.7,300.0,199.4,200.0,75.0
2025-10-01,09:33:27.000,200.2,75.0,199.85,200.55,375.0
2025-10-01,09:33:28.000,200.2,75.0,199.85,200.55,375.0
2025-10-01,09:33:29.000,200.58,75.0,200.3,200.85,375.0
2025-10-01,09:33:30.000,200.58,75.0,200.3,200.85,375.0
2025-10-01,09:33:31.000,200.7,600.0,200.3,201.1,150.0
2025-10-01,09:33:32.000,200.15,300.0,199.8,200.5,225.0
2025-10-01,09:33:33.000,200.15,300.0,199.8,200.5,225.0
2025-10-01,09:33:34.000,199.98,75.0,199.6,200.35,375.0
2025-10-01,09:33:35.000,199.98,75.0,199.6,200.35,375.0
2025-10-01,09:33:36.000,199.82,300.0,199.45,200.2,225.0
2025-10-01,09:33:37.000,200.02,75.0,199.6,200.45,525.0
2025-10-01,09:33:38.000,200.02,75.0,199.6,200.45,525.0
2025-10-01,09:33:39.000,199.6,300.0,199.25,199.95,375.0
2025-10-01,09:33:40.000,199.6,300.0,199.25,199.95,375.0
2025-10-01,09:33:41.000,199.25,225.0,198.9,199.6,375.0
2025-10-01,09:33:42.000,199.23,225.0,198.9,199.55,375.0
2025-10-01,09:33:43.000,199.23,225.0,198.9,199.55,375.0
2025-10-01,09:33:44.000,199.68,375.0,199.3,200.05,450.0
2025-10-01,09:33:45.000,199.68,375.0,199.3,200.05,450.0
2025-10-01,09:33:46.000,200.0,300.0,199.65,200.35,225.0
2025-10-01,09:33:47.000,199.32,225.0,199.05,199.6,375.0
2025-10-01,09:33:48.000,199.32,225.0,199.05,199.6,375.0
2025-10-01,09:33:49.000,199.35,225.0,199.05,199.65,75.0
2025-10-01,09:33:50.000,199.35,225.0,199.05,199.65,75.0
2025-10-01,09:33:51.000,199.88,525.0,199.45,200.3,300.0
2025-10-01,09:33:52.000,199.8,75.0,199.5,200.1,75.0
2025-10-01,09:33:53.000,199.8,75.0,199.5,200.1,75.0
2025-10-01,09:33:54.000,199.82,225.0,199.55,200.1,75.0
2025-10-01,09:33:55.000,199.82,225.0,199.55,200.1,75.0
2025-10-01,09:33:56.000,200.12,225.0,199.85,200.4,75.0
2025-10-01,09:33:57.000,200.05,225.0,199.7,200.4,375.0
2025-10-01,09:33:58.000,200.05,225.0,199.7,200.4,375.0
2025-10-01,09:33:59.000,200.0,225.0,199.7,200.3,75.0
2025-10-01,09:34:00.000,200.0,225.0,199.7,200.3,75.0
2025-10-01,09:34:01.000,200.3,375.0,199.95,200.65,375.0
2025-10-01,09:34:02.000,200.38,375.0,200.0,200.75,525.0
2025-10-01,09:34:03.000,200.38,375.0,200.0,200.75,525.0
2025-10-01,09:34:04.000,200.48,450.0,200.15,200.8,75.0
2025-10-01,09:34:05.000,200.48,450.0,200.15,200.8,75.0
2025-10-01,09:34:06.000,200.42,525.0,200.1,200.75,225.0
2025-10-01,09:34:07.000,200.38,375.0,200.05,200.7,375.0
2025-10-01,09:34:08.000,200.38,375.0,200.05,200.7,375.0
2025-10-01,09:34:09.000,200.38,375.0,200.1,200.65,75.0
2025-10-01,09:34:10.000,200.38,375.0,200.1,200.65,75.0
2025-10-01,09:34:11.000,200.52,450.0,200.15,200.9,75.0
2025-10-01,09:34:12.000,200.7,375.0,200.45,200.95,75.0
2025-10-01,09:34:13.000,200.7,375.0,200.45,200.95,75.0
2025-10-01,09:34:14.000,200.75,375.0,200.4,201.1,75.0
2025-10-01,09:34:15.000,200.75,375.0,200.4,201.1,75.0
2025-10-01,09:34:16.000,200.48,675.0,200.15,200.8,75.0
2025-10-01,09:34:17.000,201.1,375.0,200.7,201.5,300.0
2025-10-01,09:34:18.000,201.1,375.0,200.7,201.5,300.0
2025-10-01,09:34:19.000,200.9,375.0,200.55,201.25,375.0
2025-10-01,09:34:20.000,200.9,375.0,200.55,201.25,375.0
2025-10-01,09:34:21.000,201.68,375.0,201.3,202.05,300.0
2025-10-01,09:34:22.000,202.58,375.0,202.3,202.85,75.0
2025-10-01,09:34:23.000,202.58,375.0,202.3,202.85,75.0
2025-10-01,09:34:24.000,201.92,225.0,201.5,202.35,150.0
2025-10-01,09:34:25.000,201.92,225.0,201.5,202.35,150.0
2025-10-01,09:34:26.000,201.68,300.0,201.35,202.0,75.0
2025-10-01,09:34:27.000,201.4,450.0,201.05,201.75,75.0
2025-10-01,09:34:28.000,201.4,450.0,201.05,201.75,75.0
2025-10-01,09:34:29.000,201.3,150.0,201.0,201.6,75.0
2025-10-01,09:34:30.000,201.3,150.0,201.0,201.6,75.0
2025-10-01,09:34:31.000,200.68,75.0,200.4,200.95,75.0
2025-10-01,09:34:32.000,200.73,300.0,200.4,201.05,75.0
2025-10-01,09:34:33.000,200.73,300.0,200.4,201.05,75.0
2025-10-01,09:34:34.000,201.38,225.0,201.05,201.7,675.0
2025-10-01,09:34:35.000,201.38,225.0,201.05,201.7,675.0
2025-10-01,09:34:36.000,201.55,375.0,201.25,201.85,75.0
2025-10-01,09:34:37.000,201.48,825.0,201.15,201.8,75.0
2025-10-01,09:34:38.000,201.48,825.0,201.15,201.8,75.0
2025-10-01,09:34:39.000,201.4,375.0,201.05,201.75,375.0
2025-10-01,09:34:40.000,201.4,375.0,201.05,201.75,375.0
2025-10-01,09:34:41.000,201.55,450.0,201.2,201.9,75.0
2025-10-01,09:34:42.000,201.52,225.0,201.15,201.9,300.0
2025-10-01,09:34:43.000,201.52,225.0,201.15,201.9,300.0
2025-10-01,09:34:44.000,201.2,375.0,200.85,201.55,300.0
2025-10-01,09:34:45.000,201.2,375.0,200.85,201.55,300.0
2025-10-01,09:34:46.000,201.05,375.0,200.7,201.4,75.0
2025-10-01,09:34:47.000,200.6,375.0,200.25,200.95,525.0
2025-10-01,09:34:48.000,200.6,375.0,200.25,200.95,525.0
2025-10-01,09:34:49.000,200.68,375.0,200.35,201.0,300.0
2025-10-01,09:34:50.000,200.68,375.0,200.35,201.0,300.0
2025-10-01,09:34:51.000,200.95,75.0,200.7,201.2,75.0
2025-10-01,09:34:52.000,200.9,75.0,200.7,201.1,75.0
2025-10-01,09:34:53.000,200.9,75.0,200.7,201.1,75.0
2025-10-01,09:34:54.000,200.42,300.0,200.1,200.75,300.0
2025-10-01,09:34:55.000,200.42,300.0,200.1,200.75,300.0
2025-10-01,09:34:56.000,201.05,375.0,200.7,201.4,375.0
2025-10-01,09:34:57.000,200.92,450.0,200.6,201.25,75.0
2025-10-01,09:34:58.000,200.92,450.0,200.6,201.25,75.0
2025-10-01,09:34:59.000,200.92,75.0,200.65,201.2,75.0
2025-10-01,09:35:00.000,200.92,75.0,200.65,201.2,75.0
2025-10-01,09:35:01.000,201.0,75.0,200.7,201.3,300.0
2025-10-01,09:35:02.000,201.82,75.0,201.45,202.2,300.0
2025-10-01,09:35:03.000,201.82,75.0,201.45,202.2,300.0
2025-10-01,09:35:04.000,202.48,375.0,202.1,202.85,375.0
2025-10-01,09:35:05.000,202.48,375.0,202.1,202.85,375.0
2025-10-01,09:35:06.000,202.2,225.0,201.75,202.65,75.0
2025-10-01,09:35:07.000,202.12,450.0,201.65,202.6,525.0
2025-10-01,09:35:08.000,202.12,450.0,201.65,202.6,525.0
2025-10-01,09:35:09.000,202.3,75.0,201.95,202.65,300.0
2025-10-01,09:35:10.000,202.3,75.0,201.95,202.65,300.0
2025-10-01,09:35:11.000,201.7,75.0,201.3,202.1,675.0
2025-10-01,09:35:12.000,201.7,75.0,201.3,202.1,675.0
2025-10-01,09:35:13.000,201.7,75.0,201.3,202.1,675.0
2025-10-01,09:35:14.000,201.68,450.0,201.35,202.0,525.0
2025-10-01,09:35:15.000,201.68,450.0,201.35,202.0,525.0
2025-10-01,09:35:16.000,201.82,525.0,201.5,202.15,75.0
2025-10-01,09:35:17.000,201.75,450.0,201.45,202.05,75.0
2025-10-01,09:35:18.000,201.75,450.0,201.45,202.05,75.0
2025-10-01,09:35:19.000,201.5,225.0,201.15,201.85,375.0
2025-10-01,09:35:20.000,201.5,225.0,201.15,201.85,375.0
2025-10-01,09:35:21.000,201.23,225.0,200.9,201.55,525.0
2025-10-01,09:35:22.000,201.65,375.0,201.25,202.05,300.0
2025-10-01,09:35:23.000,201.65,375.0,201.25,202.05,300.0
2025-10-01,09:35:24.000,201.4,375.0,201.1,201.7,75.0
2025-10-01,09:35:25.000,201.4,375.0,201.1,201.7,75.0
2025-10-01,09:35:26.000,201.85,300.0,201.45,202.25,300.0
2025-10-01,09:35:27.000,201.73,900.0,201.3,202.15,300.0
2025-10-01,09:35:28.000,201.73,900.0,201.3,202.15,300.0
2025-10-01,09:35:29.000,201.88,300.0,201.55,202.2,525.0
2025-10-01,09:35:30.000,201.88,300.0,201.55,202.2,525.0
2025-10-01,09:35:31.000,201.65,750.0,201.3,202.0,75.0
2025-10-01,09:35:32.000,201.52,375.0,201.15,201.9,300.0
2025-10-01,09:35:33.000,201.52,375.0,201.15,201.9,300.0
2025-10-01,09:35:34.000,201.55,375.0,201.25,201.85,75.0
2025-10-01,09:35:35.000,201.55,375.0,201.25,201.85,75.0
2025-10-01,09:35:36.000,201.68,450.0,201.35,202.0,75.0
2025-10-01,09:35:37.000,201.42,300.0,201.1,201.75,75.0
2025-10-01,09:35:38.000,201.42,300.0,201.1,201.75,75.0
2025-10-01,09:35:39.000,201.42,450.0,201.05,201.8,375.0
2025-10-01,09:35:40.000,201.42,450.0,201.05,201.8,375.0
2025-10-01,09:35:41.000,201.52,225.0,201.2,201.85,375.0
2025-10-01,09:35:42.000,201.02,375.0,200.7,201.35,75.0
2025-10-01,09:35:43.000,201.02,375.0,200.7,201.35,75.0
2025-10-01,09:35:44.000,200.92,375.0,200.6,201.25,150.0
2025-10-01,09:35:45.000,200.92,375.0,200.6,201.25,150.0
2025-10-01,09:35:46.000,201.52,450.0,201.15,201.9,525.0
2025-10-01,09:35:47.000,201.3,75.0,201.05,201.55,75.0
2025-10-01,09:35:48.000,201.3,75.0,201.05,201.55,75.0
2025-10-01,09:35:49.000,201.08,300.0,200.75,201.4,75.0
2025-10-01,09:35:50.000,201.08,300.0,200.75,201.4,75.0
2025-10-01,09:35:51.000,201.15,225.0,200.85,201.45,375.0
2025-10-01,09:35:52.000,200.22,750.0,199.85,200.6,225.0
2025-10-01,09:35:53.000,200.22,750.0,199.85,200.6,225.0
2025-10-01,09:35:54.000,199.8,375.0,199.45,200.15,300.0
2025-10-01,09:35:55.000,199.8,375.0,199.45,200.15,300.0
2025-10-01,09:35:56.000,199.8,225.0,199.5,200.1,300.0
2025-10-01,09:35:57.000,199.8,225.0,199.5,200.1,525.0
2025-10-01,09:35:58.000,199.8,225.0,199.5,200.1,525.0
2025-10-01,09:35:59.000,199.45,750.0,199.05,199.85,300.0
2025-10-01,09:36:00.000,199.45,750.0,199.05,199.85,300.0
2025-10-01,09:36:01.000,199.15,300.0,198.8,199.5,375.0
2025-10-01,09:36:02.000,199.68,450.0,199.25,200.1,525.0
2025-10-01,09:36:03.000,199.68,450.0,199.25,200.1,525.0
2025-10-01,09:36:04.000,200.38,375.0,200.05,200.7,450.0
2025-10-01,09:36:05.000,200.38,375.0,200.05,200.7,450.0
2025-10-01,09:36:06.000,200.75,375.0,200.4,201.1,300.0
2025-10-01,09:36:07.000,200.95,225.0,200.6,201.3,375.0
2025-10-01,09:36:08.000,200.95,225.0,200.6,201.3,375.0
2025-10-01,09:36:09.000,201.2,450.0,200.85,201.55,300.0
2025-10-01,09:36:10.000,201.2,450.0,200.85,201.55,300.0
2025-10-01,09:36:11.000,202.18,300.0,201.6,202.75,75.0
2025-10-01,09:36:12.000,202.42,300.0,202.15,202.7,75.0
2025-10-01,09:36:13.000,202.42,300.0,202.15,202.7,75.0
2025-10-01,09:36:14.000,202.42,825.0,202.1,202.75,600.0
2025-10-01,09:36:15.000,202.42,825.0,202.1,202.75,600.0
2025-10-01,09:36:16.000,202.02,375.0,201.75,202.3,75.0
2025-10-01,09:36:17.000,202.22,750.0,201.95,202.5,75.0
2025-10-01,09:36:18.000,202.22,750.0,201.95,202.5,75.0
2025-10-01,09:36:19.000,202.1,825.0,201.8,202.4,300.0
2025-10-01,09:36:20.000,202.1,825.0,201.8,202.4,300.0
2025-10-01,09:36:21.000,202.35,300.0,202.1,202.6,75.0
2025-10-01,09:36:22.000,202.5,375.0,202.25,202.75,75.0
2025-10-01,09:36:23.000,202.5,375.0,202.25,202.75,75.0
2025-10-01,09:36:24.000,201.95,300.0,201.6,202.3,75.0
2025-10-01,09:36:25.000,201.95,300.0,201.6,202.3,75.0
2025-10-01,09:36:26.000,202.2,375.0,201.9,202.5,75.0
2025-10-01,09:36:27.000,202.35,375.0,202.05,202.65,75.0
2025-10-01,09:36:28.000,202.35,375.0,202.05,202.65,75.0
2025-10-01,09:36:29.000,202.2,450.0,201.9,202.5,75.0
2025-10-01,09:36:30.000,202.2,450.0,201.9,202.5,75.0
2025-10-01,09:36:31.000,202.15,525.0,201.85,202.45,75.0
2025-10-01,09:36:32.000,202.2,375.0,201.9,202.5,75.0
2025-10-01,09:36:33.000,202.2,375.0,201.9,202.5,75.0
2025-10-01,09:36:34.000,202.32,375.0,202.0,202.65,75.0
2025-10-01,09:36:35.000,202.32,375.0,202.0,202.65,75.0
2025-10-01,09:36:36.000,202.6,75.0,202.35,202.85,75.0
2025-10-01,09:36:37.000,202.48,225.0,202.15,202.8,75.0
2025-10-01,09:36:38.000,202.48,225.0,202.15,202.8,75.0
2025-10-01,09:36:39.000,202.45,75.0,202.2,202.7,300.0
2025-10-01,09:36:40.000,202.68,525.0,202.3,203.05,75.0
2025-10-01,09:36:41.000,202.68,525.0,202.3,203.05,75.0
2025-10-01,09:36:42.000,203.1,525.0,202.75,203.45,225.0
2025-10-01,09:36:43.000,203.1,525.0,202.75,203.45,225.0
2025-10-01,09:36:44.000,203.3,375.0,202.95,203.65,225.0
2025-10-01,09:36:45.000,203.3,375.0,202.95,203.65,225.0
2025-10-01,09:36:46.000,203.1,375.0,202.7,203.5,75.0
2025-10-01,09:36:47.000,202.8,675.0,202.3,203.3,375.0
2025-10-01,09:36:48.000,202.8,675.0,202.3,203.3,375.0
2025-10-01,09:36:49.000,203.23,375.0,202.8,203.65,300.0
2025-10-01,09:36:50.000,203.23,375.0,202.8,203.65,300.0
2025-10-01,09:36:51.000,203.15,225.0,202.75,203.55,300.0
2025-10-01,09:36:52.000,202.65,375.0,202.3,203.0,150.0
2025-10-01,09:36:53.000,202.65,375.0,202.3,203.0,150.0
2025-10-01,09:36:54.000,202.75,375.0,202.4,203.1,300.0
2025-10-01,09:36:55.000,202.75,375.0,202.4,203.1,300.0
2025-10-01,09:36:56.000,202.68,450.0,202.35,203.0,75.0
2025-10-01,09:36:57.000,202.82,525.0,202.45,203.2,75.0
2025-10-01,09:36:58.000,202.82,525.0,202.45,203.2,75.0
2025-10-01,09:36:59.000,202.68,450.0,202.35,203.0,150.0
2025-10-01,09:37:00.000,202.68,450.0,202.35,203.0,150.0
2025-10-01,09:37:01.000,202.15,525.0,201.7,202.6,300.0
2025-10-01,09:37:02.000,202.27,375.0,201.95,202.6,300.0
2025-10-01,09:37:03.000,202.27,375.0,201.95,202.6,300.0
2025-10-01,09:37:04.000,202.0,375.0,201.7,202.3,150.0
2025-10-01,09:37:05.000,202.0,375.0,201.7,202.3,150.0
2025-10-01,09:37:06.000,202.72,375.0,202.35,203.1,525.0
2025-10-01,09:37:07.000,203.15,225.0,202.8,203.5,225.0
2025-10-01,09:37:08.000,203.15,225.0,202.8,203.5,225.0
2025-10-01,09:37:09.000,203.42,75.0,203.1,203.75,450.0
2025-10-01,09:37:10.000,203.42,75.0,203.1,203.75,450.0
2025-10-01,09:37:11.000,203.3,75.0,203.1,203.5,75.0
2025-10-01,09:37:12.000,202.95,75.0,202.7,203.2,225.0
2025-10-01,09:37:13.000,202.95,75.0,202.7,203.2,225.0
2025-10-01,09:37:14.000,203.05,375.0,202.75,203.35,225.0
2025-10-01,09:37:15.000,203.05,375.0,202.75,203.35,225.0
2025-10-01,09:37:16.000,202.48,225.0,202.2,202.75,225.0
2025-10-01,09:37:17.000,202.35,375.0,202.05,202.65,225.0
2025-10-01,09:37:18.000,202.35,375.0,202.05,202.65,225.0
2025-10-01,09:37:19.000,202.58,375.0,202.3,202.85,225.0
2025-10-01,09:37:20.000,202.58,375.0,202.3,202.85,225.0
2025-10-01,09:37:21.000,202.65,300.0,202.3,203.0,600.0
2025-10-01,09:37:22.000,202.73,675.0,202.4,203.05,225.0
2025-10-01,09:37:23.000,202.73,675.0,202.4,203.05,225.0
2025-10-01,09:37:24.000,202.8,375.0,202.45,203.15,375.0
2025-10-01,09:37:25.000,202.8,375.0,202.45,203.15,375.0
2025-10-01,09:37:26.000,202.88,450.0,202.55,203.2,225.0
2025-10-01,09:37:27.000,202.95,525.0,202.6,203.3,225.0
2025-10-01,09:37:28.000,202.95,525.0,202.6,203.3,225.0
2025-10-01,09:37:29.000,203.0,375.0,202.65,203.35,525.0
2025-10-01,09:37:30.000,203.0,375.0,202.65,203.35,525.0
2025-10-01,09:37:31.000,202.98,375.0,202.85,203.1,75.0
2025-10-01,09:37:32.000,202.82,375.0,202.6,203.05,150.0
2025-10-01,09:37:33.000,202.82,375.0,202.6,203.05,150.0
2025-10-01,09:37:34.000,202.85,75.0,202.65,203.05,150.0
2025-10-01,09:37:35.000,202.85,75.0,202.65,203.05,150.0
2025-10-01,09:37:36.000,202.73,375.0,202.4,203.05,225.0
2025-10-01,09:37:37.000,202.75,375.0,202.45,203.05,150.0
2025-10-01,09:37:38.000,202.75,375.0,202.45,203.05,150.0
2025-10-01,09:37:39.000,202.62,525.0,202.3,202.95,225.0
2025-10-01,09:37:40.000,202.62,525.0,202.3,202.95,225.0
2025-10-01,09:37:41.000,202.35,375.0,202.05,202.65,225.0
2025-10-01,09:37:42.000,202.72,375.0,202.45,203.0,75.0
2025-10-01,09:37:43.000,202.72,375.0,202.45,203.0,75.0
2025-10-01,09:37:44.000,202.78,300.0,202.5,203.05,150.0
2025-10-01,09:37:45.000,202.78,300.0,202.5,203.05,150.0
2025-10-01,09:37:46.000,202.85,375.0,202.6,203.1,75.0
2025-10-01,09:37:47.000,202.82,300.0,202.6,203.05,150.0
2025-10-01,09:37:48.000,202.82,300.0,202.6,203.05,150.0
2025-10-01,09:37:49.000,203.25,375.0,202.85,203.65,225.0
2025-10-01,09:37:50.000,203.25,375.0,202.85,203.65,225.0
2025-10-01,09:37:51.000,203.18,675.0,202.9,203.45,375.0
2025-10-01,09:37:52.000,202.98,450.0,202.7,203.25,225.0
2025-10-01,09:37:53.000,202.98,450.0,202.7,203.25,225.0
2025-10-01,09:37:54.000,202.95,375.0,202.7,203.2,375.0
2025-10-01,09:37:55.000,202.95,375.0,202.7,203.2,375.0
2025-10-01,09:37:56.000,202.85,375.0,202.6,203.1,75.0
2025-10-01,09:37:57.000,202.42,750.0,202.1,202.75,75.0
2025-10-01,09:37:58.000,202.42,750.0,202.1,202.75,75.0
2025-10-01,09:37:59.000,202.5,525.0,202.25,202.75,225.0
2025-10-01,09:38:00.000,202.5,525.0,202.25,202.75,225.0
2025-10-01,09:38:01.000,202.15,225.0,201.9,202.4,75.0
2025-10-01,09:38:02.000,202.02,75.0,201.8,202.25,75.0
2025-10-01,09:38:03.000,202.02,75.0,201.8,202.25,75.0
2025-10-01,09:38:04.000,201.5,375.0,201.25,201.75,225.0
2025-10-01,09:38:05.000,201.5,375.0,201.25,201.75,225.0
2025-10-01,09:38:06.000,201.12,750.0,200.8,201.45,75.0
2025-10-01,09:38:07.000,201.25,375.0,201.0,201.5,375.0
2025-10-01,09:38:08.000,201.25,375.0,201.0,201.5,375.0
2025-10-01,09:38:09.000,201.8,525.0,201.5,202.1,225.0
2025-10-01,09:38:10.000,201.8,525.0,201.5,202.1,225.0
2025-10-01,09:38:11.000,201.72,75.0,201.5,201.95,225.0
2025-10-01,09:38:12.000,201.2,375.0,200.9,201.5,225.0
2025-10-01,09:38:13.000,201.2,375.0,200.9,201.5,225.0
2025-10-01,09:38:14.000,201.2,450.0,200.9,201.5,225.0
2025-10-01,09:38:15.000,201.2,450.0,200.9,201.5,225.0
2025-10-01,09:38:16.000,201.35,450.0,201.05,201.65,225.0
2025-10-01,09:38:17.000,201.4,75.0,201.2,201.6,225.0
2025-10-01,09:38:18.000,201.4,75.0,201.2,201.6,225.0
2025-10-01,09:38:19.000,202.18,450.0,201.85,202.5,225.0
2025-10-01,09:38:20.000,202.18,450.0,201.85,202.5,225.0
2025-10-01,09:38:21.000,202.27,375.0,201.95,202.6,375.0
2025-10-01,09:38:22.000,202.25,450.0,201.9,202.6,300.0
2025-10-01,09:38:23.000,202.25,450.0,201.9,202.6,300.0
2025-10-01,09:38:24.000,202.15,375.0,201.85,202.45,300.0
2025-10-01,09:38:25.000,202.15,375.0,201.85,202.45,300.0
2025-10-01,09:38:26.000,201.3,375.0,201.0,201.6,150.0
2025-10-01,09:38:27.000,200.38,450.0,200.05,200.7,225.0
2025-10-01,09:38:28.000,200.38,450.0,200.05,200.7,225.0
2025-10-01,09:38:29.000,200.5,375.0,200.2,200.8,300.0
2025-10-01,09:38:30.000,200.5,375.0,200.2,200.8,300.0
2025-10-01,09:38:31.000,200.88,375.0,200.55,201.2,375.0
2025-10-01,09:38:32.000,201.15,300.0,200.8,201.5,300.0
2025-10-01,09:38:33.000,201.15,300.0,200.8,201.5,300.0
2025-10-01,09:38:34.000,201.18,750.0,200.8,201.55,375.0
2025-10-01,09:38:35.000,201.18,750.0,200.8,201.55,375.0
2025-10-01,09:38:36.000,201.52,675.0,201.2,201.85,225.0
2025-10-01,09:38:37.000,201.58,375.0,201.25,201.9,225.0
2025-10-01,09:38:38.000,201.58,375.0,201.25,201.9,225.0
2025-10-01,09:38:39.000,201.92,375.0,201.6,202.25,450.0
2025-10-01,09:38:40.000,201.92,375.0,201.6,202.25,450.0
2025-10-01,09:38:41.000,201.88,75.0,201.6,202.15,300.0
2025-10-01,09:38:42.000,201.4,450.0,201.05,201.75,300.0
2025-10-01,09:38:43.000,201.4,450.0,201.05,201.75,300.0
2025-10-01,09:38:44.000,201.38,375.0,201.1,201.65,225.0
2025-10-01,09:38:45.000,201.38,375.0,201.1,201.65,225.0
2025-10-01,09:38:46.000,202.05,750.0,201.7,202.4,225.0
2025-10-01,09:38:47.000,202.1,75.0,201.8,202.4,225.0
2025-10-01,09:38:48.000,202.1,75.0,201.8,202.4,225.0
2025-10-01,09:38:49.000,202.1,225.0,201.8,202.4,450.0
2025-10-01,09:38:50.000,202.1,225.0,201.8,202.4,450.0
2025-10-01,09:38:51.000,202.05,450.0,201.7,202.4,300.0
2025-10-01,09:38:52.000,202.05,375.0,201.75,202.35,300.0
2025-10-01,09:38:53.000,202.05,375.0,201.75,202.35,300.0
2025-10-01,09:38:54.000,201.68,300.0,201.4,201.95,225.0
2025-10-01,09:38:55.000,201.68,300.0,201.4,201.95,225.0
2025-10-01,09:38:56.000,201.55,375.0,201.2,201.9,300.0
2025-10-01,09:38:57.000,201.28,525.0,201.0,201.55,75.0
2025-10-01,09:38:58.000,201.28,525.0,201.0,201.55,75.0
2025-10-01,09:38:59.000,201.35,375.0,201.05,201.65,525.0
2025-10-01,09:39:00.000,201.35,375.0,201.05,201.65,525.0
2025-10-01,09:39:01.000,201.42,900.0,201.05,201.8,525.0
2025-10-01,09:39:02.000,201.42,900.0,201.05,201.8,525.0
2025-10-01,09:39:03.000,201.15,225.0,200.85,201.45,225.0
2025-10-01,09:39:04.000,201.08,375.0,200.7,201.45,225.0
2025-10-01,09:39:05.000,201.08,375.0,200.7,201.45,225.0
2025-10-01,09:39:06.000,201.38,225.0,201.0,201.75,225.0
2025-10-01,09:39:07.000,201.38,225.0,201.0,201.75,225.0
2025-10-01,09:39:08.000,202.05,375.0,201.7,202.4,75.0
2025-10-01,09:39:09.000,201.55,375.0,201.2,201.9,75.0
2025-10-01,09:39:10.000,201.55,375.0,201.2,201.9,75.0
2025-10-01,09:39:11.000,201.75,375.0,201.35,202.15,525.0
2025-10-01,09:39:12.000,201.75,375.0,201.35,202.15,525.0
2025-10-01,09:39:13.000,201.68,375.0,201.35,202.0,75.0
2025-10-01,09:39:14.000,202.1,375.0,201.8,202.4,75.0
2025-10-01,09:39:15.000,202.1,375.0,201.8,202.4,75.0
2025-10-01,09:39:16.000,202.25,375.0,201.85,202.65,225.0
2025-10-01,09:39:17.000,202.25,375.0,201.85,202.65,225.0
2025-10-01,09:39:18.000,202.72,600.0,202.5,202.95,75.0
2025-10-01,09:39:19.000,202.85,75.0,202.65,203.05,375.0
2025-10-01,09:39:20.000,202.85,75.0,202.65,203.05,375.0
2025-10-01,09:39:21.000,202.7,600.0,202.4,203.0,225.0
2025-10-01,09:39:22.000,202.7,600.0,202.4,203.0,225.0
2025-10-01,09:39:23.000,202.55,225.0,202.3,202.8,150.0
2025-10-01,09:39:24.000,202.62,375.0,202.35,202.9,375.0
2025-10-01,09:39:25.000,202.62,375.0,202.35,202.9,375.0
2025-10-01,09:39:26.000,202.75,450.0,202.45,203.05,225.0
2025-10-01,09:39:27.000,202.75,450.0,202.45,203.05,225.0
2025-10-01,09:39:28.000,202.9,450.0,202.6,203.2,150.0
2025-10-01,09:39:29.000,203.15,75.0,202.95,203.35,75.0
2025-10-01,09:39:30.000,203.15,75.0,202.95,203.35,75.0
2025-10-01,09:39:31.000,204.0,225.0,203.6,204.4,300.0
2025-10-01,09:39:32.000,204.0,225.0,203.6,204.4,300.0
2025-10-01,09:39:33.000,204.15,375.0,203.8,204.5,225.0
2025-10-01,09:39:34.000,204.27,300.0,203.95,204.6,375.0
2025-10-01,09:39:35.000,204.27,300.0,203.95,204.6,375.0
2025-10-01,09:39:36.000,204.0,225.0,203.6,204.4,225.0
2025-10-01,09:39:37.000,204.0,225.0,203.6,204.4,225.0
2025-10-01,09:39:38.000,203.6,375.0,203.25,203.95,300.0
2025-10-01,09:39:39.000,203.65,675.0,203.25,204.05,300.0
2025-10-01,09:39:40.000,203.65,675.0,203.25,204.05,300.0
2025-10-01,09:39:41.000,203.98,375.0,203.65,204.3,225.0
2025-10-01,09:39:42.000,204.15,375.0,203.8,204.5,225.0
2025-10-01,09:39:43.000,204.15,375.0,203.8,204.5,225.0
2025-10-01,09:39:44.000,204.38,375.0,204.05,204.7,225.0
2025-10-01,09:39:45.000,204.38,375.0,204.05,204.7,225.0
2025-10-01,09:39:46.000,203.92,525.0,203.6,204.25,150.0
2025-10-01,09:39:47.000,204.3,675.0,203.95,204.65,150.0
2025-10-01,09:39:48.000,204.3,675.0,203.95,204.65,150.0
2025-10-01,09:39:49.000,204.12,750.0,203.8,204.45,375.0
2025-10-01,09:39:50.000,204.12,750.0,203.8,204.45,375.0
2025-10-01,09:39:51.000,204.02,375.0,203.65,204.4,675.0
2025-10-01,09:39:52.000,204.25,375.0,203.95,204.55,150.0
2025-10-01,09:39:53.000,204.25,375.0,203.95,204.55,150.0
2025-10-01,09:39:54.000,203.9,225.0,203.55,204.25,225.0
2025-10-01,09:39:55.000,203.88,375.0,203.55,204.2,225.0
2025-10-01,09:39:56.000,203.88,375.0,203.55,204.2,225.0
2025-10-01,09:39:57.000,203.68,525.0,203.35,204.0,225.0
2025-10-01,09:39:58.000,203.68,525.0,203.35,204.0,225.0
2025-10-01,09:39:59.000,203.58,450.0,203.25,203.9,225.0
2025-10-01,09:40:00.000,203.58,375.0,203.3,203.85,225.0
2025-10-01,09:40:01.000,203.58,375.0,203.3,203.85,225.0
2025-10-01,09:40:02.000,203.82,450.0,203.5,204.15,150.0
2025-10-01,09:40:03.000,203.82,450.0,203.5,204.15,150.0
2025-10-01,09:40:04.000,203.2,375.0,202.85,203.55,300.0
2025-10-01,09:40:05.000,203.98,375.0,203.65,204.3,150.0
2025-10-01,09:40:06.000,203.98,375.0,203.65,204.3,150.0
2025-10-01,09:40:07.000,203.88,450.0,203.55,204.2,225.0
2025-10-01,09:40:08.000,203.88,450.0,203.55,204.2,225.0
2025-10-01,09:40:09.000,203.65,375.0,203.35,203.95,300.0
2025-10-01,09:40:10.000,203.8,450.0,203.45,204.15,375.0
2025-10-01,09:40:11.000,203.8,450.0,203.45,204.15,375.0
2025-10-01,09:40:12.000,203.75,450.0,203.4,204.1,225.0
2025-10-01,09:40:13.000,203.75,450.0,203.4,204.1,225.0
2025-10-01,09:40:14.000,203.28,525.0,202.9,203.65,225.0
2025-10-01,09:40:15.000,202.95,450.0,202.65,203.25,225.0
2025-10-01,09:40:16.000,202.95,450.0,202.65,203.25,225.0
2025-10-01,09:40:17.000,203.1,375.0,202.8,203.4,75.0
2025-10-01,09:40:18.000,203.1,375.0,202.8,203.4,75.0
2025-10-01,09:40:19.000,202.85,225.0,202.55,203.15,150.0
2025-10-01,09:40:20.000,202.95,375.0,202.65,203.25,150.0
2025-10-01,09:40:21.000,202.95,375.0,202.65,203.25,150.0
2025-10-01,09:40:22.000,202.48,450.0,202.1,202.85,75.0
2025-10-01,09:40:23.000,202.48,450.0,202.1,202.85,75.0
2025-10-01,09:40:24.000,202.42,675.0,202.1,202.75,225.0
2025-10-01,09:40:25.000,202.65,375.0,202.35,202.95,225.0
2025-10-01,09:40:26.000,202.65,375.0,202.35,202.95,225.0
2025-10-01,09:40:27.000,202.73,450.0,202.4,203.05,150.0
2025-10-01,09:40:28.000,202.73,450.0,202.4,203.05,150.0
2025-10-01,09:40:29.000,202.25,225.0,201.9,202.6,225.0
2025-10-01,09:40:30.000,202.48,375.0,202.2,202.75,225.0
2025-10-01,09:40:31.000,202.48,375.0,202.2,202.75,225.0
2025-10-01,09:40:32.000,202.4,375.0,202.1,202.7,225.0
2025-10-01,09:40:33.000,202.4,375.0,202.1,202.7,225.0
2025-10-01,09:40:34.000,202.15,375.0,201.85,202.45,225.0
2025-10-01,09:40:35.000,202.68,675.0,202.35,203.0,300.0
2025-10-01,09:40:36.000,202.68,675.0,202.35,203.0,300.0
2025-10-01,09:40:37.000,202.3,375.0,202.05,202.55,225.0
2025-10-01,09:40:38.000,202.3,375.0,202.05,202.55,225.0
2025-10-01,09:40:39.000,201.85,375.0,201.5,202.2,150.0
2025-10-01,09:40:40.000,201.92,225.0,201.55,202.3,375.0
2025-10-01,09:40:41.000,201.92,225.0,201.55,202.3,375.0
2025-10-01,09:40:42.000,201.9,375.0,201.55,202.25,225.0
2025-10-01,09:40:43.000,201.9,375.0,201.55,202.25,225.0
2025-10-01,09:40:44.000,201.42,675.0,201.05,201.8,375.0
2025-10-01,09:40:45.000,201.82,675.0,201.45,202.2,150.0
2025-10-01,09:40:46.000,201.82,675.0,201.45,202.2,150.0
2025-10-01,09:40:47.000,202.88,450.0,202.55,203.2,150.0
2025-10-01,09:40:48.000,202.88,450.0,202.55,203.2,150.0
2025-10-01,09:40:49.000,203.45,375.0,203.1,203.8,225.0
2025-10-01,09:40:50.000,203.42,375.0,203.1,203.75,225.0
2025-10-01,09:40:51.000,203.42,375.0,203.1,203.75,225.0
2025-10-01,09:40:52.000,203.18,375.0,202.9,203.45,375.0
2025-10-01,09:40:53.000,203.18,375.0,202.9,203.45,375.0
2025-10-01,09:40:54.000,203.52,675.0,203.2,203.85,450.0
2025-10-01,09:40:55.000,203.85,450.0,203.5,204.2,225.0
2025-10-01,09:40:56.000,203.85,450.0,203.5,204.2,225.0
2025-10-01,09:40:57.000,203.62,375.0,203.3,203.95,375.0
2025-10-01,09:40:58.000,203.62,375.0,203.3,203.95,375.0
2025-10-01,09:40:59.000,203.4,375.0,203.05,203.75,600.0
2025-10-01,09:41:00.000,203.55,450.0,203.25,203.85,450.0
2025-10-01,09:41:01.000,203.55,450.0,203.25,203.85,450.0
2025-10-01,09:41:02.000,204.23,375.0,203.9,204.55,375.0
2025-10-01,09:41:03.000,204.23,375.0,203.9,204.55,375.0
2025-10-01,09:41:04.000,204.48,300.0,204.2,204.75,225.0
2025-10-01,09:41:05.000,204.48,300.0,204.2,204.75,225.0
2025-10-01,09:41:06.000,204.98,300.0,204.7,205.25,375.0
2025-10-01,09:41:07.000,204.62,525.0,204.3,204.95,450.0
2025-10-01,09:41:08.000,204.62,525.0,204.3,204.95,450.0
2025-10-01,09:41:09.000,204.65,375.0,204.35,204.95,450.0
2025-10-01,09:41:10.000,204.65,375.0,204.35,204.95,450.0
2025-10-01,09:41:11.000,204.73,375.0,204.4,205.05,375.0
2025-10-01,09:41:12.000,205.42,375.0,205.05,205.8,600.0
2025-10-01,09:41:13.000,205.42,375.0,205.05,205.8,600.0
2025-10-01,09:41:14.000,205.7,375.0,205.35,206.05,375.0
2025-10-01,09:41:15.000,205.7,375.0,205.35,206.05,375.0
2025-10-01,09:41:16.000,205.75,525.0,205.4,206.1,375.0
2025-10-01,09:41:17.000,205.8,225.0,205.5,206.1,450.0
2025-10-01,09:41:18.000,205.8,225.0,205.5,206.1,450.0
2025-10-01,09:41:19.000,205.55,750.0,205.2,205.9,375.0
2025-10-01,09:41:20.000,205.55,750.0,205.2,205.9,375.0
2025-10-01,09:41:21.000,205.48,375.0,205.1,205.85,375.0
2025-10-01,09:41:22.000,205.5,375.0,205.15,205.85,150.0
2025-10-01,09:41:23.000,205.5,375.0,205.15,205.85,150.0
2025-10-01,09:41:24.000,205.18,225.0,204.85,205.5,375.0
2025-10-01,09:41:25.000,205.18,225.0,204.85,205.5,375.0
2025-10-01,09:41:26.000,205.05,375.0,204.7,205.4,375.0
2025-10-01,09:41:27.000,204.58,225.0,204.25,204.9,150.0
2025-10-01,09:41:28.000,204.58,225.0,204.25,204.9,150.0
2025-10-01,09:41:29.000,204.9,450.0,204.55,205.25,150.0
2025-10-01,09:41:30.000,204.9,450.0,204.55,205.25,150.0
2025-10-01,09:41:31.000,204.7,375.0,204.35,205.05,150.0
2025-10-01,09:41:32.000,204.42,225.0,204.15,204.7,525.0
2025-10-01,09:41:33.000,204.42,225.0,204.15,204.7,525.0
2025-10-01,09:41:34.000,204.3,225.0,204.15,204.45,75.0
2025-10-01,09:41:35.000,204.3,225.0,204.15,204.45,75.0
2025-10-01,09:41:36.000,204.25,75.0,204.1,204.4,150.0
2025-10-01,09:41:37.000,204.48,225.0,204.15,204.8,150.0
2025-10-01,09:41:38.000,204.48,225.0,204.15,204.8,150.0
2025-10-01,09:41:39.000,204.38,375.0,204.15,204.6,75.0
2025-10-01,09:41:40.000,204.38,375.0,204.15,204.6,75.0
2025-10-01,09:41:41.000,205.05,375.0,204.85,205.25,75.0
2025-10-01,09:41:42.000,204.98,225.0,204.7,205.25,75.0
2025-10-01,09:41:43.000,204.98,225.0,204.7,205.25,75.0
2025-10-01,09:41:44.000,204.82,75.0,204.65,205.0,75.0
2025-10-01,09:41:45.000,204.82,75.0,204.65,205.0,75.0
2025-10-01,09:41:46.000,204.6,225.0,204.25,204.95,225.0
2025-10-01,09:41:47.000,204.42,375.0,204.15,204.7,375.0
2025-10-01,09:41:48.000,204.42,375.0,204.15,204.7,375.0
2025-10-01,09:41:49.000,204.62,825.0,204.25,205.0,525.0
2025-10-01,09:41:50.000,204.62,825.0,204.25,205.0,525.0
2025-10-01,09:41:51.000,204.48,375.0,204.15,204.8,600.0
2025-10-01,09:41:52.000,204.58,375.0,204.25,204.9,375.0
2025-10-01,09:41:53.000,204.58,375.0,204.25,204.9,375.0
2025-10-01,09:41:54.000,204.68,375.0,204.4,204.95,375.0
2025-10-01,09:41:55.000,204.68,375.0,204.4,204.95,375.0
2025-10-01,09:41:56.000,204.7,225.0,204.4,205.0,225.0
2025-10-01,09:41:57.000,204.45,375.0,204.15,204.75,375.0
2025-10-01,09:41:58.000,204.45,375.0,204.15,204.75,375.0
2025-10-01,09:41:59.000,205.08,375.0,204.7,205.45,600.0
2025-10-01,09:42:00.000,205.08,375.0,204.7,205.45,600.0
2025-10-01,09:42:01.000,204.98,375.0,204.6,205.35,450.0
2025-10-01,09:42:02.000,204.88,75.0,204.6,205.15,600.0
2025-10-01,09:42:03.000,204.88,75.0,204.6,205.15,600.0
2025-10-01,09:42:04.000,205.05,375.0,204.7,205.4,375.0
2025-10-01,09:42:05.000,204.72,375.0,204.45,205.0,525.0
2025-10-01,09:42:06.000,204.72,375.0,204.45,205.0,525.0
2025-10-01,09:42:07.000,204.95,375.0,204.6,205.3,225.0
2025-10-01,09:42:08.000,204.95,375.0,204.6,205.3,225.0
2025-10-01,09:42:09.000,204.82,525.0,204.45,205.2,375.0
2025-10-01,09:42:10.000,205.1,375.0,204.75,205.45,600.0
2025-10-01,09:42:11.000,205.1,375.0,204.75,205.45,600.0
2025-10-01,09:42:12.000,204.85,300.0,204.55,205.15,450.0
2025-10-01,09:42:13.000,204.85,300.0,204.55,205.15,450.0
2025-10-01,09:42:14.000,204.85,675.0,204.45,205.25,525.0
2025-10-01,09:42:15.000,204.82,375.0,204.45,205.2,150.0
2025-10-01,09:42:16.000,204.82,375.0,204.45,205.2,150.0
2025-10-01,09:42:17.000,204.7,375.0,204.35,205.05,375.0
2025-10-01,09:42:18.000,204.7,375.0,204.35,205.05,375.0
2025-10-01,09:42:19.000,205.12,375.0,204.8,205.45,375.0
2025-10-01,09:42:20.000,205.1,225.0,204.75,205.45,375.0
2025-10-01,09:42:21.000,205.1,225.0,204.75,205.45,375.0
2025-10-01,09:42:22.000,205.55,375.0,205.2,205.9,375.0
2025-10-01,09:42:23.000,205.55,375.0,205.2,205.9,375.0
2025-10-01,09:42:24.000,206.12,225.0,205.8,206.45,150.0
2025-10-01,09:42:25.000,206.88,225.0,206.6,207.15,225.0
2025-10-01,09:42:26.000,206.88,225.0,206.6,207.15,225.0
2025-10-01,09:42:27.000,206.98,375.0,206.55,207.4,525.0
2025-10-01,09:42:28.000,206.98,375.0,206.55,207.4,525.0
2025-10-01,09:42:29.000,206.38,225.0,206.0,206.75,150.0
2025-10-01,09:42:30.000,206.55,375.0,206.2,206.9,75.0
2025-10-01,09:42:31.000,206.55,375.0,206.2,206.9,75.0
2025-10-01,09:42:32.000,206.52,375.0,206.2,206.85,75.0
2025-10-01,09:42:33.000,206.52,375.0,206.2,206.85,75.0
2025-10-01,09:42:34.000,206.8,375.0,206.4,207.2,150.0
2025-10-01,09:42:35.000,206.68,300.0,206.35,207.0,300.0
2025-10-01,09:42:36.000,206.68,300.0,206.35,207.0,300.0
2025-10-01,09:42:37.000,206.5,375.0,206.15,206.85,225.0
2025-10-01,09:42:38.000,206.5,375.0,206.15,206.85,225.0
2025-10-01,09:42:39.000,206.55,375.0,206.25,206.85,75.0
2025-10-01,09:42:40.000,207.2,525.0,206.6,207.8,600.0
2025-10-01,09:42:41.000,207.2,525.0,206.6,207.8,600.0
2025-10-01,09:42:42.000,207.52,375.0,207.2,207.85,150.0
2025-10-01,09:42:43.000,207.52,375.0,207.2,207.85,150.0
2025-10-01,09:42:44.000,207.12,375.0,206.8,207.45,75.0
2025-10-01,09:42:45.000,207.18,225.0,206.85,207.5,150.0
2025-10-01,09:42:46.000,207.18,225.0,206.85,207.5,150.0
2025-10-01,09:42:47.000,207.35,450.0,206.95,207.75,150.0
2025-10-01,09:42:48.000,207.35,450.0,206.95,207.75,150.0
2025-10-01,09:42:49.000,207.05,450.0,206.7,207.4,225.0
2025-10-01,09:42:50.000,206.7,225.0,206.35,207.05,225.0
2025-10-01,09:42:51.000,206.7,225.0,206.35,207.05,225.0
2025-10-01,09:42:52.000,206.75,450.0,206.35,207.15,75.0
2025-10-01,09:42:53.000,206.75,450.0,206.35,207.15,75.0
2025-10-01,09:42:54.000,206.78,300.0,206.4,207.15,75.0
2025-10-01,09:42:55.000,206.58,300.0,206.2,206.95,225.0
2025-10-01,09:42:56.000,206.58,300.0,206.2,206.95,225.0
2025-10-01,09:42:57.000,206.32,225.0,206.05,206.6,150.0
2025-10-01,09:42:58.000,206.32,225.0,206.05,206.6,150.0
2025-10-01,09:42:59.000,206.65,225.0,206.35,206.95,150.0
2025-10-01,09:43:00.000,206.45,225.0,206.2,206.7,150.0
2025-10-01,09:43:01.000,206.45,225.0,206.2,206.7,150.0
2025-10-01,09:43:02.000,206.72,225.0,206.5,206.95,225.0
2025-10-01,09:43:03.000,206.72,225.0,206.5,206.95,225.0
2025-10-01,09:43:04.000,206.73,450.0,206.4,207.05,150.0
2025-10-01,09:43:05.000,206.22,450.0,205.85,206.6,225.0
2025-10-01,09:43:06.000,206.22,450.0,205.85,206.6,225.0
2025-10-01,09:43:07.000,206.15,375.0,205.8,206.5,75.0
2025-10-01,09:43:08.000,206.15,375.0,205.8,206.5,75.0
2025-10-01,09:43:09.000,206.2,525.0,205.85,206.55,225.0
2025-10-01,09:43:10.000,206.2,525.0,205.85,206.55,225.0
2025-10-01,09:43:11.000,206.15,525.0,205.85,206.45,225.0
2025-10-01,09:43:12.000,206.18,375.0,205.85,206.5,150.0
2025-10-01,09:43:13.000,206.18,375.0,205.85,206.5,150.0
2025-10-01,09:43:14.000,205.95,450.0,205.65,206.25,225.0
2025-10-01,09:43:15.000,205.95,450.0,205.65,206.25,225.0
2025-10-01,09:43:16.000,206.08,450.0,205.75,206.4,150.0
2025-10-01,09:43:17.000,206.38,375.0,206.05,206.7,225.0
2025-10-01,09:43:18.000,206.38,375.0,206.05,206.7,225.0
2025-10-01,09:43:19.000,206.72,75.0,206.45,207.0,600.0
2025-10-01,09:43:20.000,206.72,75.0,206.45,207.0,600.0
2025-10-01,09:43:21.000,207.35,375.0,207.05,207.65,75.0
2025-10-01,09:43:22.000,208.02,525.0,207.6,208.45,150.0
2025-10-01,09:43:23.000,208.02,525.0,207.6,208.45,150.0
2025-10-01,09:43:24.000,207.85,900.0,207.45,208.25,150.0
2025-10-01,09:43:25.000,207.85,900.0,207.45,208.25,150.0
2025-10-01,09:43:26.000,208.35,450.0,207.95,208.75,150.0
2025-10-01,09:43:27.000,208.0,375.0,207.65,208.35,375.0
2025-10-01,09:43:28.000,208.0,375.0,207.65,208.35,375.0
2025-10-01,09:43:29.000,207.5,375.0,207.1,207.9,225.0
2025-10-01,09:43:30.000,207.1,375.0,206.75,207.45,150.0
2025-10-01,09:43:31.000,207.1,375.0,206.75,207.45,150.0
2025-10-01,09:43:32.000,206.68,375.0,206.4,206.95,225.0
2025-10-01,09:43:33.000,206.68,375.0,206.4,206.95,225.0
2025-10-01,09:43:34.000,206.98,375.0,206.65,207.3,150.0
2025-10-01,09:43:35.000,206.77,375.0,206.45,207.1,225.0
2025-10-01,09:43:36.000,206.77,375.0,206.45,207.1,225.0
2025-10-01,09:43:37.000,206.6,375.0,206.3,206.9,300.0
2025-10-01,09:43:38.000,206.6,375.0,206.3,206.9,300.0
2025-10-01,09:43:39.000,206.58,525.0,206.2,206.95,150.0
2025-10-01,09:43:40.000,206.25,375.0,205.9,206.6,225.0
2025-10-01,09:43:41.000,206.25,375.0,205.9,206.6,225.0
2025-10-01,09:43:42.000,206.02,375.0,205.65,206.4,225.0
2025-10-01,09:43:43.000,206.02,375.0,205.65,206.4,225.0
2025-10-01,09:43:44.000,206.28,450.0,205.9,206.65,150.0
2025-10-01,09:43:45.000,206.82,525.0,206.45,207.2,225.0
2025-10-01,09:43:46.000,206.82,525.0,206.45,207.2,225.0
2025-10-01,09:43:47.000,207.68,375.0,207.2,208.15,225.0
2025-10-01,09:43:48.000,207.68,375.0,207.2,208.15,225.0
2025-10-01,09:43:49.000,208.1,525.0,207.65,208.55,150.0
2025-10-01,09:43:50.000,208.08,450.0,207.7,208.45,150.0
2025-10-01,09:43:51.000,208.08,450.0,207.7,208.45,150.0
2025-10-01,09:43:52.000,207.48,375.0,207.15,207.8,150.0
2025-10-01,09:43:53.000,207.48,375.0,207.15,207.8,150.0
2025-10-01,09:43:54.000,207.68,375.0,207.35,208.0,150.0
2025-10-01,09:43:55.000,208.9,525.0,208.05,209.75,450.0
2025-10-01,09:43:56.000,208.9,525.0,208.05,209.75,450.0
2025-10-01,09:43:57.000,209.2,375.0,208.9,209.5,300.0
2025-10-01,09:43:58.000,209.2,375.0,208.9,209.5,300.0
2025-10-01,09:43:59.000,209.85,375.0,209.7,210.0,75.0
2025-10-01,09:44:00.000,209.77,375.0,209.45,210.1,225.0
2025-10-01,09:44:01.000,209.77,375.0,209.45,210.1,225.0
2025-10-01,09:44:02.000,209.58,225.0,209.25,209.9,225.0
2025-10-01,09:44:03.000,209.58,225.0,209.25,209.9,225.0
2025-10-01,09:44:04.000,209.65,375.0,209.35,209.95,150.0
2025-10-01,09:44:05.000,210.75,375.0,210.4,211.1,150.0
2025-10-01,09:44:06.000,210.75,375.0,210.4,211.1,150.0
2025-10-01,09:44:07.000,210.2,375.0,209.6,210.8,225.0
2025-10-01,09:44:08.000,210.2,375.0,209.6,210.8,225.0
2025-10-01,09:44:09.000,210.75,450.0,210.35,211.15,150.0
2025-10-01,09:44:10.000,210.68,375.0,210.35,211.0,150.0
2025-10-01,09:44:11.000,210.68,375.0,210.35,211.0,150.0
2025-10-01,09:44:12.000,210.7,375.0,210.4,211.0,150.0
2025-10-01,09:44:13.000,210.7,375.0,210.4,211.0,150.0
2025-10-01,09:44:14.000,210.82,375.0,210.45,211.2,150.0
2025-10-01,09:44:15.000,211.18,450.0,210.8,211.55,150.0
2025-10-01,09:44:16.000,211.18,450.0,210.8,211.55,150.0
2025-10-01,09:44:17.000,211.32,375.0,211.0,211.65,375.0
2025-10-01,09:44:18.000,211.32,375.0,211.0,211.65,375.0
2025-10-01,09:44:19.000,211.62,225.0,211.3,211.95,375.0
2025-10-01,09:44:20.000,211.65,375.0,211.35,211.95,225.0
2025-10-01,09:44:21.000,211.65,375.0,211.35,211.95,225.0
2025-10-01,09:44:22.000,211.75,375.0,211.45,212.05,75.0
2025-10-01,09:44:23.000,211.75,375.0,211.45,212.05,75.0
2025-10-01,09:44:24.000,211.88,525.0,211.7,212.05,75.0
2025-10-01,09:44:25.000,212.35,225.0,212.0,212.7,525.0
2025-10-01,09:44:26.000,212.35,225.0,212.0,212.7,525.0
2025-10-01,09:44:27.000,212.92,375.0,212.6,213.25,375.0
2025-10-01,09:44:28.000,212.92,375.0,212.6,213.25,375.0
2025-10-01,09:44:29.000,213.48,375.0,213.05,213.9,225.0
2025-10-01,09:44:30.000,213.58,525.0,213.15,214.0,150.0
2025-10-01,09:44:31.000,213.58,525.0,213.15,214.0,150.0
2025-10-01,09:44:32.000,212.98,375.0,212.5,213.45,225.0
2025-10-01,09:44:33.000,212.98,375.0,212.5,213.45,225.0
2025-10-01,09:44:34.000,212.42,225.0,211.95,212.9,75.0
2025-10-01,09:44:35.000,212.62,225.0,212.3,212.95,75.0
2025-10-01,09:44:36.000,212.62,225.0,212.3,212.95,75.0
2025-10-01,09:44:37.000,212.58,225.0,212.25,212.9,75.0
2025-10-01,09:44:38.000,212.58,225.0,212.25,212.9,75.0
2025-10-01,09:44:39.000,212.05,225.0,211.65,212.45,300.0
2025-10-01,09:44:40.000,211.48,750.0,211.1,211.85,75.0
2025-10-01,09:44:41.000,211.48,750.0,211.1,211.85,75.0
2025-10-01,09:44:42.000,211.45,825.0,211.0,211.9,450.0
2025-10-01,09:44:43.000,211.45,825.0,211.0,211.9,450.0
2025-10-01,09:44:44.000,211.72,225.0,211.25,212.2,150.0
2025-10-01,09:44:45.000,211.72,225.0,211.25,212.2,150.0
2025-10-01,09:44:46.000,211.85,600.0,211.4,212.3,75.0
2025-10-01,09:44:47.000,212.7,375.0,212.4,213.0,225.0
2025-10-01,09:44:48.000,212.7,375.0,212.4,213.0,225.0
2025-10-01,09:44:49.000,212.78,225.0,212.55,213.0,150.0
2025-10-01,09:44:50.000,212.78,225.0,212.55,213.0,150.0
2025-10-01,09:44:51.000,212.4,600.0,211.95,212.85,525.0
2025-10-01,09:44:52.000,212.25,375.0,211.85,212.65,75.0
2025-10-01,09:44:53.000,212.25,375.0,211.85,212.65,75.0
2025-10-01,09:44:54.000,211.95,900.0,211.55,212.35,525.0
2025-10-01,09:44:55.000,211.95,900.0,211.55,212.35,525.0
2025-10-01,09:44:56.000,212.0,375.0,211.6,212.4,225.0
2025-10-01,09:44:57.000,211.75,375.0,211.4,212.1,75.0
2025-10-01,09:44:58.000,211.75,375.0,211.4,212.1,75.0
2025-10-01,09:44:59.000,211.95,375.0,211.6,212.3,75.0
