Date,Time,MID_PRICE,BID_SIZE,BID_PRICE,ASK_PRICE,ASK_SIZE
2025-10-01,09:15:00.000,298.55,150.0,296.15,300.95,1350.0
2025-10-01,09:15:01.000,298.55,150.0,296.15,300.95,1350.0
2025-10-01,09:15:02.000,298.55,150.0,296.15,300.95,1350.0
2025-10-01,09:15:03.000,298.55,150.0,296.15,300.95,1350.0
2025-10-01,09:15:04.000,298.55,150.0,296.15,300.95,1350.0
2025-10-01,09:15:05.000,298.55,150.0,296.15,300.95,1350.0
2025-10-01,09:15:06.000,298.55,150.0,296.15,300.95,1350.0
2025-10-01,09:15:07.000,298.55,150.0,296.15,300.95,1350.0
2025-10-01,09:15:08.000,298.55,150.0,296.15,300.95,1350.0
2025-10-01,09:15:09.000,298.55,150.0,296.15,300.95,1350.0
2025-10-01,09:15:10.000,298.55,150.0,296.15,300.95,1350.0
2025-10-01,09:15:11.000,298.55,150.0,296.15,300.95,1350.0
2025-10-01,09:15:12.000,298.55,150.0,296.15,300.95,1350.0
2025-10-01,09:15:13.000,298.55,150.0,296.15,300.95,1350.0
2025-10-01,09:15:14.000,298.55,150.0,296.15,300.95,1350.0
2025-10-01,09:15:15.000,298.55,150.0,296.15,300.95,1350.0
2025-10-01,09:15:16.000,298.0,225.0,297.05,298.95,375.0
2025-10-01,09:15:17.000,298.95,150.0,298.05,299.85,225.0
2025-10-01,09:15:18.000,298.95,150.0,298.05,299.85,225.0
2025-10-01,09:15:19.000,300.52,375.0,299.15,301.9,150.0
2025-10-01,09:15:20.000,299.15,375.0,298.15,300.15,225.0
2025-10-01,09:15:21.000,298.0,225.0,297.35,298.65,525.0
2025-10-01,09:15:22.000,298.0,225.0,297.35,298.65,525.0
2025-10-01,09:15:23.000,297.52,225.0,297.0,298.05,375.0
2025-10-01,09:15:24.000,296.98,675.0,296.25,297.7,750.0
2025-10-01,09:15:25.000,297.6,150.0,296.85,298.35,600.0
2025-10-01,09:15:26.000,297.6,150.0,296.85,298.35,600.0
2025-10-01,09:15:27.000,296.4,150.0,295.45,297.35,375.0
2025-10-01,09:15:28.000,294.5,150.0,293.7,295.3,150.0
2025-10-01,09:15:29.000,294.75,150.0,294.1,295.4,675.0
2025-10-01,09:15:30.000,294.75,150.0,294.1,295.4,675.0
2025-10-01,09:15:31.000,294.38,600.0,293.6,295.15,600.0
2025-10-01,09:15:32.000,294.65,450.0,294.0,295.3,150.0
2025-10-01,09:15:33.000,295.08,150.0,294.2,295.95,150.0
2025-10-01,09:15:34.000,294.92,150.0,294.25,295.6,375.0
2025-10-01,09:15:35.000,294.92,150.0,294.25,295.6,375.0
2025-10-01,09:15:36.000,295.73,225.0,295.0,296.45,2400.0
2025-10-01,09:15:37.000,293.4,225.0,293.0,293.8,150.0
2025-10-01,09:15:38.000,293.6,300.0,292.85,294.35,225.0
2025-10-01,09:15:39.000,293.6,300.0,292.85,294.35,225.0
2025-10-01,09:15:40.000,294.5,300.0,293.7,295.3,525.0
2025-10-01,09:15:41.000,294.6,225.0,294.0,295.2,375.0
2025-10-01,09:15:42.000,293.5,150.0,293.0,294.0,150.0
2025-10-01,09:15:43.000,293.5,150.0,293.0,294.0,150.0
2025-10-01,09:15:44.000,292.77,225.0,292.15,293.4,150.0
2025-10-01,09:15:45.000,292.88,525.0,292.15,293.6,750.0
2025-10-01,09:15:46.000,292.48,150.0,292.0,292.95,225.0
2025-10-01,09:15:47.000,292.48,150.0,292.0,292.95,225.0
2025-10-01,09:15:48.000,292.7,225.0,292.05,293.35,150.0
2025-10-01,09:15:49.000,291.45,750.0,291.0,291.9,150.0
2025-10-01,09:15:50.000,290.77,75.0,290.3,291.25,150.0
2025-10-01,09:15:51.000,291.23,225.0,290.55,291.9,300.0
2025-10-01,09:15:52.000,291.23,225.0,290.55,291.9,300.0
2025-10-01,09:15:53.000,290.48,225.0,290.0,290.95,150.0
2025-10-01,09:15:54.000,290.85,1200.0,290.05,291.65,375.0
2025-10-01,09:15:55.000,288.83,900.0,288.05,289.6,375.0
2025-10-01,09:15:56.000,288.83,900.0,288.05,289.6,375.0
2025-10-01,09:15:57.000,290.05,375.0,289.25,290.85,225.0
2025-10-01,09:15:58.000,290.23,225.0,289.5,290.95,225.0
2025-10-01,09:15:59.000,289.7,225.0,289.05,290.35,225.0
2025-10-01,09:16:00.000,289.7,225.0,289.05,290.35,225.0
2025-10-01,09:16:01.000,287.75,150.0,287.1,288.4,150.0
2025-10-01,09:16:02.000,288.25,225.0,287.8,288.7,150.0
2025-10-01,09:16:03.000,287.52,150.0,286.85,288.2,150.0
2025-10-01,09:16:04.000,288.73,150.0,288.1,289.35,150.0
2025-10-01,09:16:05.000,288.73,150.0,288.1,289.35,150.0
2025-10-01,09:16:06.000,289.52,225.0,288.9,290.15,150.0
2025-10-01,09:16:07.000,290.2,225.0,289.55,290.85,375.0
2025-10-01,09:16:08.000,291.85,375.0,290.7,293.0,375.0
2025-10-01,09:16:09.000,291.85,375.0,290.7,293.0,375.0
2025-10-01,09:16:10.000,290.32,375.0,289.75,290.9,225.0
2025-10-01,09:16:11.000,289.45,225.0,288.75,290.15,375.0
2025-10-01,09:16:12.000,289.45,225.0,288.75,290.15,375.0
2025-10-01,09:16:13.000,290.12,225.0,289.1,291.15,675.0
2025-10-01,09:16:14.000,289.88,75.0,289.2,290.55,375.0
2025-10-01,09:16:15.000,290.12,450.0,289.5,290.75,600.0
2025-10-01,09:16:16.000,289.73,300.0,289.05,290.4,375.0
2025-10-01,09:16:17.000,289.73,300.0,289.05,290.4,375.0
2025-10-01,09:16:18.000,287.7,1050.0,287.05,288.35,375.0
2025-10-01,09:16:19.000,288.1,225.0,287.45,288.75,600.0
2025-10-01,09:16:20.000,287.95,900.0,287.25,288.65,225.0
2025-10-01,09:16:21.000,287.95,900.0,287.25,288.65,225.0
2025-10-01,09:16:22.000,288.4,150.0,287.8,289.0,600.0
2025-10-01,09:16:23.000,288.32,900.0,287.75,288.9,375.0
2025-10-01,09:16:24.000,288.58,375.0,288.0,289.15,150.0
2025-10-01,09:16:25.000,288.25,225.0,287.7,288.8,600.0
2025-10-01,09:16:26.000,288.25,225.0,287.7,288.8,600.0
2025-10-01,09:16:27.000,288.15,450.0,287.45,288.85,225.0
2025-10-01,09:16:28.000,288.85,225.0,288.2,289.5,225.0
2025-10-01,09:16:29.000,288.05,225.0,287.5,288.6,150.0
2025-10-01,09:16:30.000,287.9,225.0,287.3,288.5,1800.0
2025-10-01,09:16:31.000,287.9,225.0,287.3,288.5,1800.0
2025-10-01,09:16:32.000,288.58,150.0,288.0,289.15,150.0
2025-10-01,09:16:33.000,288.45,150.0,287.95,288.95,225.0
2025-10-01,09:16:34.000,288.45,150.0,287.95,288.95,225.0
2025-10-01,09:16:35.000,288.15,225.0,287.65,288.65,75.0
2025-10-01,09:16:36.000,287.5,300.0,287.05,287.95,150.0
2025-10-01,09:16:37.000,285.8,600.0,285.25,286.35,300.0
2025-10-01,09:16:38.000,285.8,600.0,285.25,286.35,300.0
2025-10-01,09:16:39.000,285.42,150.0,285.0,285.85,600.0
2025-10-01,09:16:40.000,285.27,150.0,284.7,285.85,75.0
2025-10-01,09:16:41.000,283.95,150.0,283.4,284.5,525.0
2025-10-01,09:16:42.000,283.95,150.0,283.4,284.5,525.0
2025-10-01,09:16:43.000,284.17,375.0,283.65,284.7,375.0
2025-10-01,09:16:44.000,285.1,450.0,284.8,285.4,75.0
2025-10-01,09:16:45.000,285.65,150.0,285.15,286.15,900.0
2025-10-01,09:16:46.000,285.65,150.0,285.15,286.15,900.0
2025-10-01,09:16:47.000,286.45,150.0,285.6,287.3,450.0
2025-10-01,09:16:48.000,285.23,225.0,284.8,285.65,75.0
2025-10-01,09:16:49.000,285.23,225.0,284.8,285.65,75.0
2025-10-01,09:16:50.000,286.05,225.0,285.55,286.55,225.0
2025-10-01,09:16:51.000,286.65,150.0,286.35,286.95,75.0
2025-10-01,09:16:52.000,285.92,1950.0,285.35,286.5,375.0
2025-10-01,09:16:53.000,285.92,1950.0,285.35,286.5,375.0
2025-10-01,09:16:54.000,286.4,225.0,285.9,286.9,900.0
2025-10-01,09:16:55.000,286.08,225.0,285.55,286.6,900.0
2025-10-01,09:16:56.000,286.08,225.0,285.55,286.6,900.0
2025-10-01,09:16:57.000,285.88,225.0,285.4,286.35,300.0
2025-10-01,09:16:58.000,285.75,150.0,285.15,286.35,300.0
2025-10-01,09:16:59.000,285.75,450.0,285.2,286.3,600.0
2025-10-01,09:17:00.000,285.75,450.0,285.2,286.3,600.0
2025-10-01,09:17:01.000,285.88,150.0,285.3,286.45,900.0
2025-10-01,09:17:02.000,284.75,75.0,284.35,285.15,75.0
2025-10-01,09:17:03.000,284.75,75.0,284.35,285.15,75.0
2025-10-01,09:17:04.000,284.8,75.0,284.35,285.25,75.0
2025-10-01,09:17:05.000,284.85,225.0,284.45,285.25,975.0
2025-10-01,09:17:06.000,284.35,225.0,284.15,284.55,75.0
2025-10-01,09:17:07.000,284.35,225.0,284.15,284.55,75.0
2025-10-01,09:17:08.000,284.08,75.0,283.7,284.45,1050.0
2025-10-01,09:17:09.000,283.8,150.0,283.35,284.25,975.0
2025-10-01,09:17:10.000,283.4,225.0,283.05,283.75,975.0
2025-10-01,09:17:11.000,283.4,225.0,283.05,283.75,975.0
2025-10-01,09:17:12.000,284.3,225.0,283.95,284.65,900.0
2025-10-01,09:17:13.000,284.48,75.0,284.05,284.9,75.0
2025-10-01,09:17:14.000,285.12,225.0,284.55,285.7,975.0
2025-10-01,09:17:15.000,285.12,225.0,284.55,285.7,975.0
2025-10-01,09:17:16.000,285.05,225.0,284.7,285.4,900.0
2025-10-01,09:17:17.000,286.15,150.0,285.7,286.6,900.0
2025-10-01,09:17:18.000,286.15,150.0,285.7,286.6,900.0
2025-10-01,09:17:19.000,286.6,150.0,286.05,287.15,900.0
2025-10-01,09:17:20.000,286.4,300.0,285.95,286.85,900.0
2025-10-01,09:17:21.000,286.88,150.0,286.45,287.3,1125.0
2025-10-01,09:17:22.000,286.88,150.0,286.45,287.3,1125.0
2025-10-01,09:17:23.000,286.95,225.0,286.6,287.3,900.0
2025-10-01,09:17:24.000,288.7,150.0,288.2,289.2,900.0
2025-10-01,09:17:25.000,288.7,150.0,288.2,289.2,900.0
2025-10-01,09:17:26.000,289.05,300.0,288.6,289.5,1125.0
2025-10-01,09:17:27.000,289.27,300.0,288.85,289.7,900.0
2025-10-01,09:17:28.000,290.15,150.0,289.7,290.6,900.0
2025-10-01,09:17:29.000,290.15,150.0,289.7,290.6,900.0
2025-10-01,09:17:30.000,290.05,75.0,289.55,290.55,900.0
2025-10-01,09:17:31.000,291.0,375.0,290.6,291.4,900.0
2025-10-01,09:17:32.000,291.0,375.0,290.6,291.4,900.0
2025-10-01,09:17:33.000,290.8,150.0,290.4,291.2,900.0
2025-10-01,09:17:34.000,290.9,225.0,290.4,291.4,900.0
2025-10-01,09:17:35.000,289.65,225.0,289.15,290.15,900.0
2025-10-01,09:17:36.000,289.65,225.0,289.15,290.15,900.0
2025-10-01,09:17:37.000,290.5,375.0,289.85,291.15,900.0
2025-10-01,09:17:38.000,291.73,150.0,291.1,292.35,900.0
2025-10-01,09:17:39.000,291.73,150.0,291.1,292.35,900.0
2025-10-01,09:17:40.000,291.95,150.0,291.5,292.4,900.0
2025-10-01,09:17:41.000,292.3,225.0,291.8,292.8,900.0
2025-10-01,09:17:42.000,292.38,225.0,291.85,292.9,900.0
2025-10-01,09:17:43.000,292.38,225.0,291.85,292.9,900.0
2025-10-01,09:17:44.000,292.25,525.0,291.7,292.8,900.0
2025-10-01,09:17:45.000,291.92,300.0,291.45,292.4,1275.0
2025-10-01,09:17:46.000,291.92,300.0,291.45,292.4,1275.0
2025-10-01,09:17:47.000,290.95,150.0,290.2,291.7,450.0
2025-10-01,09:17:48.000,290.1,600.0,289.65,290.55,150.0
2025-10-01,09:17:49.000,290.05,300.0,289.55,290.55,900.0
2025-10-01,09:17:50.000,290.05,300.0,289.55,290.55,900.0
2025-10-01,09:17:51.000,289.6,225.0,289.35,289.85,75.0
2025-10-01,09:17:52.000,290.98,225.0,290.5,291.45,900.0
2025-10-01,09:17:53.000,292.1,300.0,291.6,292.6,1125.0
2025-10-01,09:17:54.000,292.1,300.0,291.6,292.6,1125.0
2025-10-01,09:17:55.000,292.1,300.0,291.65,292.55,900.0
2025-10-01,09:17:56.000,292.0,75.0,291.6,292.4,900.0
2025-10-01,09:17:57.000,292.0,75.0,291.6,292.4,900.0
2025-10-01,09:17:58.000,293.05,150.0,292.65,293.45,900.0
2025-10-01,09:17:59.000,293.7,150.0,293.25,294.15,900.0
2025-10-01,09:18:00.000,294.73,225.0,294.25,295.2,150.0
2025-10-01,09:18:01.000,294.73,225.0,294.25,295.2,150.0
2025-10-01,09:18:02.000,294.02,225.0,293.35,294.7,75.0
2025-10-01,09:18:03.000,291.88,225.0,291.3,292.45,150.0
2025-10-01,09:18:04.000,291.88,225.0,291.3,292.45,150.0
2025-10-01,09:18:05.000,292.0,150.0,291.4,292.6,375.0
2025-10-01,09:18:06.000,293.82,375.0,293.4,294.25,300.0
2025-10-01,09:18:07.000,291.98,150.0,291.55,292.4,75.0
2025-10-01,09:18:08.000,291.98,150.0,291.55,292.4,75.0
2025-10-01,09:18:09.000,291.88,225.0,291.45,292.3,75.0
2025-10-01,09:18:10.000,291.98,150.0,291.55,292.4,225.0
2025-10-01,09:18:11.000,292.1,150.0,291.55,292.65,375.0
2025-10-01,09:18:12.000,292.1,150.0,291.55,292.65,375.0
2025-10-01,09:18:13.000,292.6,75.0,292.2,293.0,150.0
2025-10-01,09:18:14.000,292.48,300.0,292.0,292.95,375.0
2025-10-01,09:18:15.000,292.48,300.0,292.0,292.95,375.0
2025-10-01,09:18:16.000,292.95,300.0,292.5,293.4,150.0
2025-10-01,09:18:17.000,293.02,150.0,292.65,293.4,150.0
2025-10-01,09:18:18.000,292.9,375.0,292.35,293.45,225.0
2025-10-01,09:18:19.000,292.9,375.0,292.35,293.45,225.0
2025-10-01,09:18:20.000,293.23,150.0,292.85,293.6,225.0
2025-10-01,09:18:21.000,291.32,150.0,290.95,291.7,150.0
2025-10-01,09:18:22.000,291.32,150.0,290.95,291.7,150.0
2025-10-01,09:18:23.000,291.48,225.0,291.1,291.85,150.0
2025-10-01,09:18:24.000,291.4,75.0,291.1,291.7,150.0
2025-10-01,09:18:25.000,291.25,150.0,290.85,291.65,225.0
2025-10-01,09:18:26.000,291.25,150.0,290.85,291.65,225.0
2025-10-01,09:18:27.000,291.75,225.0,291.25,292.25,150.0
2025-10-01,09:18:28.000,291.35,225.0,290.95,291.75,75.0
2025-10-01,09:18:29.000,291.35,225.0,290.95,291.75,75.0
2025-10-01,09:18:30.000,290.82,150.0,290.4,291.25,150.0
2025-10-01,09:18:31.000,290.52,150.0,290.25,290.8,150.0
2025-10-01,09:18:32.000,289.08,75.0,288.3,289.85,75.0
2025-10-01,09:18:33.000,289.08,75.0,288.3,289.85,75.0
2025-10-01,09:18:34.000,289.7,150.0,289.3,290.1,150.0
2025-10-01,09:18:35.000,290.08,150.0,289.7,290.45,150.0
2025-10-01,09:18:36.000,290.08,150.0,289.7,290.45,150.0
2025-10-01,09:18:37.000,290.35,75.0,289.95,290.75,150.0
2025-10-01,09:18:38.000,290.95,300.0,290.45,291.45,150.0
2025-10-01,09:18:39.000,290.32,300.0,289.95,290.7,150.0
2025-10-01,09:18:40.000,290.32,300.0,289.95,290.7,150.0
2025-10-01,09:18:41.000,290.77,150.0,290.35,291.2,150.0
2025-10-01,09:18:42.000,290.77,150.0,290.35,291.2,150.0
2025-10-01,09:18:43.000,291.92,150.0,291.5,292.35,150.0
2025-10-01,09:18:44.000,291.92,150.0,291.5,292.35,150.0
2025-10-01,09:18:45.000,291.98,75.0,291.55,292.4,150.0
2025-10-01,09:18:46.000,291.98,75.0,291.55,292.4,150.0
2025-10-01,09:18:47.000,290.02,150.0,289.8,290.25,150.0
2025-10-01,09:18:48.000,290.5,75.0,290.1,290.9,150.0
2025-10-01,09:18:49.000,290.5,75.0,290.1,290.9,150.0
2025-10-01,09:18:50.000,290.52,150.0,290.1,290.95,150.0
2025-10-01,09:18:51.000,290.52,150.0,290.1,290.95,150.0
2025-10-01,09:18:52.000,290.35,300.0,289.9,290.8,150.0
2025-10-01,09:18:53.000,290.35,300.0,289.9,290.8,150.0
2025-10-01,09:18:54.000,289.48,150.0,289.05,289.9,225.0
2025-10-01,09:18:55.000,289.68,225.0,289.25,290.1,150.0
2025-10-01,09:18:56.000,289.68,225.0,289.25,290.1,150.0
2025-10-01,09:18:57.000,290.27,150.0,289.85,290.7,150.0
2025-10-01,09:18:58.000,290.27,150.0,289.85,290.7,150.0
2025-10-01,09:18:59.000,288.75,150.0,288.4,289.1,225.0
2025-10-01,09:19:00.000,289.27,225.0,288.95,289.6,150.0
2025-10-01,09:19:01.000,289.27,225.0,288.95,289.6,150.0
2025-10-01,09:19:02.000,288.05,150.0,287.75,288.35,75.0
2025-10-01,09:19:03.000,288.05,150.0,287.75,288.35,75.0
2025-10-01,09:19:04.000,288.6,150.0,288.3,288.9,150.0
2025-10-01,09:19:05.000,287.77,150.0,287.4,288.15,375.0
2025-10-01,09:19:06.000,287.77,150.0,287.4,288.15,375.0
2025-10-01,09:19:07.000,287.75,150.0,287.35,288.15,150.0
2025-10-01,09:19:08.000,287.75,150.0,287.35,288.15,150.0
2025-10-01,09:19:09.000,287.85,225.0,287.45,288.25,150.0
2025-10-01,09:19:10.000,287.92,150.0,287.45,288.4,150.0
2025-10-01,09:19:11.000,287.92,150.0,287.45,288.4,150.0
2025-10-01,09:19:12.000,287.18,225.0,286.8,287.55,225.0
2025-10-01,09:19:13.000,287.18,225.0,286.8,287.55,225.0
2025-10-01,09:19:14.000,287.35,225.0,287.05,287.65,75.0
2025-10-01,09:19:15.000,287.12,300.0,286.65,287.6,150.0
2025-10-01,09:19:16.000,287.12,300.0,286.65,287.6,150.0
2025-10-01,09:19:17.000,287.77,525.0,287.3,288.25,150.0
2025-10-01,09:19:18.000,287.77,525.0,287.3,288.25,150.0
2025-10-01,09:19:19.000,286.62,225.0,286.35,286.9,75.0
2025-10-01,09:19:20.000,286.15,150.0,285.75,286.55,375.0
2025-10-01,09:19:21.000,286.15,150.0,285.75,286.55,375.0
2025-10-01,09:19:22.000,285.58,150.0,285.15,286.0,300.0
2025-10-01,09:19:23.000,285.7,150.0,285.2,286.2,225.0
2025-10-01,09:19:24.000,285.7,150.0,285.2,286.2,225.0
2025-10-01,09:19:25.000,286.15,150.0,285.75,286.55,150.0
2025-10-01,09:19:26.000,286.15,150.0,285.75,286.55,150.0
2025-10-01,09:19:27.000,287.65,75.0,287.3,288.0,150.0
2025-10-01,09:19:28.000,288.25,225.0,287.85,288.65,150.0
2025-10-01,09:19:29.000,288.25,225.0,287.85,288.65,150.0
2025-10-01,09:19:30.000,289.2,225.0,288.7,289.7,150.0
2025-10-01,09:19:31.000,289.2,225.0,288.7,289.7,150.0
2025-10-01,09:19:32.000,288.8,225.0,288.4,289.2,375.0
2025-10-01,09:19:33.000,288.7,150.0,288.3,289.1,150.0
2025-10-01,09:19:34.000,288.7,150.0,288.3,289.1,150.0
2025-10-01,09:19:35.000,287.62,300.0,287.15,288.1,75.0
2025-10-01,09:19:36.000,287.62,300.0,287.15,288.1,75.0
2025-10-01,09:19:37.000,288.92,375.0,288.25,289.6,375.0
2025-10-01,09:19:38.000,288.83,300.0,288.35,289.3,150.0
2025-10-01,09:19:39.000,288.83,300.0,288.35,289.3,150.0
2025-10-01,09:19:40.000,289.15,225.0,288.65,289.65,75.0
2025-10-01,09:19:41.000,289.15,225.0,288.65,289.65,75.0
2025-10-01,09:19:42.000,289.42,150.0,288.95,289.9,75.0
2025-10-01,09:19:43.000,289.67,225.0,289.2,290.15,225.0
2025-10-01,09:19:44.000,289.67,225.0,289.2,290.15,225.0
2025-10-01,09:19:45.000,290.58,225.0,290.1,291.05,150.0
2025-10-01,09:19:46.000,290.58,225.0,290.1,291.05,150.0
2025-10-01,09:19:47.000,289.05,300.0,288.55,289.55,300.0
2025-10-01,09:19:48.000,288.42,675.0,288.0,288.85,300.0
2025-10-01,09:19:49.000,288.42,675.0,288.0,288.85,300.0
2025-10-01,09:19:50.000,287.88,525.0,287.4,288.35,225.0
2025-10-01,09:19:51.000,287.88,525.0,287.4,288.35,225.0
2025-10-01,09:19:52.000,287.23,75.0,286.9,287.55,75.0
2025-10-01,09:19:53.000,286.77,150.0,286.3,287.25,150.0
2025-10-01,09:19:54.000,286.77,150.0,286.3,287.25,150.0
2025-10-01,09:19:55.000,287.1,75.0,286.6,287.6,525.0
2025-10-01,09:19:56.000,287.1,75.0,286.6,287.6,525.0
2025-10-01,09:19:57.000,285.8,375.0,285.35,286.25,150.0
2025-10-01,09:19:58.000,285.35,75.0,284.8,285.9,75.0
2025-10-01,09:19:59.000,285.35,75.0,284.8,285.9,75.0
2025-10-01,09:20:00.000,284.35,600.0,284.0,284.7,75.0
2025-10-01,09:20:01.000,284.35,600.0,284.0,284.7,75.0
2025-10-01,09:20:02.000,284.1,75.0,283.7,284.5,300.0
2025-10-01,09:20:03.000,283.5,75.0,283.05,283.95,150.0
2025-10-01,09:20:04.000,283.5,75.0,283.05,283.95,150.0
2025-10-01,09:20:05.000,283.8,300.0,283.3,284.3,225.0
2025-10-01,09:20:06.000,283.8,300.0,283.3,284.3,225.0
2025-10-01,09:20:07.000,284.08,75.0,283.85,284.3,150.0
2025-10-01,09:20:08.000,283.75,300.0,283.3,284.2,75.0
2025-10-01,09:20:09.000,283.75,300.0,283.3,284.2,75.0
2025-10-01,09:20:10.000,283.62,300.0,283.15,284.1,225.0
2025-10-01,09:20:11.000,283.62,300.0,283.15,284.1,225.0
2025-10-01,09:20:12.000,282.4,450.0,282.05,282.75,150.0
2025-10-01,09:20:13.000,282.27,225.0,281.9,282.65,375.0
2025-10-01,09:20:14.000,282.27,225.0,281.9,282.65,375.0
2025-10-01,09:20:15.000,281.9,75.0,281.45,282.35,225.0
2025-10-01,09:20:16.000,281.9,75.0,281.45,282.35,225.0
2025-10-01,09:20:17.000,281.88,75.0,281.5,282.25,75.0
2025-10-01,09:20:18.000,282.23,75.0,281.85,282.6,150.0
2025-10-01,09:20:19.000,282.23,75.0,281.85,282.6,150.0
2025-10-01,09:20:20.000,279.9,75.0,279.4,280.4,525.0
2025-10-01,09:20:21.000,279.9,75.0,279.4,280.4,525.0
2025-10-01,09:20:22.000,281.58,375.0,281.0,282.15,150.0
2025-10-01,09:20:23.000,280.95,525.0,280.35,281.55,300.0
2025-10-01,09:20:24.000,280.95,525.0,280.35,281.55,300.0
2025-10-01,09:20:25.000,280.48,825.0,280.0,280.95,300.0
2025-10-01,09:20:26.000,280.48,825.0,280.0,280.95,300.0
2025-10-01,09:20:27.000,280.6,75.0,280.1,281.1,225.0
2025-10-01,09:20:28.000,280.62,600.0,280.05,281.2,225.0
2025-10-01,09:20:29.000,280.62,600.0,280.05,281.2,225.0
2025-10-01,09:20:30.000,281.48,375.0,280.95,282.0,150.0
2025-10-01,09:20:31.000,281.48,375.0,280.95,282.0,150.0
2025-10-01,09:20:32.000,282.12,75.0,281.5,282.75,300.0
2025-10-01,09:20:33.000,283.68,75.0,283.05,284.3,225.0
2025-10-01,09:20:34.000,283.68,75.0,283.05,284.3,225.0
2025-10-01,09:20:35.000,282.95,450.0,282.45,283.45,150.0
2025-10-01,09:20:36.000,282.68,75.0,282.25,283.1,225.0
2025-10-01,09:20:37.000,282.68,75.0,282.25,283.1,225.0
2025-10-01,09:20:38.000,281.65,375.0,281.3,282.0,75.0
2025-10-01,09:20:39.000,281.65,375.0,281.3,282.0,75.0
2025-10-01,09:20:40.000,281.5,225.0,281.05,281.95,75.0
2025-10-01,09:20:41.000,282.92,375.0,282.4,283.45,225.0
2025-10-01,09:20:42.000,282.92,375.0,282.4,283.45,225.0
2025-10-01,09:20:43.000,284.2,300.0,283.45,284.95,150.0
2025-10-01,09:20:44.000,284.2,300.0,283.45,284.95,150.0
2025-10-01,09:20:45.000,283.42,75.0,283.05,283.8,75.0
2025-10-01,09:20:46.000,282.5,75.0,282.15,282.85,150.0
2025-10-01,09:20:47.000,282.5,75.0,282.15,282.85,150.0
2025-10-01,09:20:48.000,282.55,225.0,282.2,282.9,75.0
2025-10-01,09:20:49.000,282.55,225.0,282.2,282.9,75.0
2025-10-01,09:20:50.000,283.98,75.0,283.5,284.45,150.0
2025-10-01,09:20:51.000,283.98,75.0,283.5,284.45,150.0
2025-10-01,09:20:52.000,283.45,300.0,282.9,284.0,150.0
2025-10-01,09:20:53.000,283.77,75.0,283.25,284.3,150.0
2025-10-01,09:20:54.000,283.77,75.0,283.25,284.3,150.0
2025-10-01,09:20:55.000,285.5,75.0,285.05,285.95,150.0
2025-10-01,09:20:56.000,285.5,75.0,285.05,285.95,150.0
2025-10-01,09:20:57.000,286.92,75.0,286.45,287.4,225.0
2025-10-01,09:20:58.000,286.27,75.0,285.65,286.9,150.0
2025-10-01,09:20:59.000,286.27,75.0,285.65,286.9,150.0
2025-10-01,09:21:00.000,287.65,75.0,287.2,288.1,225.0
2025-10-01,09:21:01.000,287.65,75.0,287.2,288.1,225.0
2025-10-01,09:21:02.000,285.6,75.0,285.1,286.1,150.0
2025-10-01,09:21:03.000,285.62,225.0,285.15,286.1,150.0
2025-10-01,09:21:04.000,285.62,225.0,285.15,286.1,150.0
2025-10-01,09:21:05.000,284.62,375.0,284.15,285.1,225.0
2025-10-01,09:21:06.000,284.62,375.0,284.15,285.1,225.0
2025-10-01,09:21:07.000,285.08,150.0,284.75,285.4,150.0
2025-10-01,09:21:08.000,286.05,150.0,285.65,286.45,150.0
2025-10-01,09:21:09.000,286.05,150.0,285.65,286.45,150.0
2025-10-01,09:21:10.000,286.15,225.0,285.65,286.65,150.0
2025-10-01,09:21:11.000,286.15,225.0,285.65,286.65,150.0
2025-10-01,09:21:12.000,285.62,150.0,285.35,285.9,150.0
2025-10-01,09:21:13.000,285.8,225.0,285.35,286.25,150.0
2025-10-01,09:21:14.000,285.8,225.0,285.35,286.25,150.0
2025-10-01,09:21:15.000,286.73,150.0,286.2,287.25,150.0
2025-10-01,09:21:16.000,286.73,150.0,286.2,287.25,150.0
2025-10-01,09:21:17.000,288.0,525.0,287.05,288.95,150.0
2025-10-01,09:21:18.000,287.92,150.0,287.45,288.4,150.0
2025-10-01,09:21:19.000,287.92,150.0,287.45,288.4,150.0
2025-10-01,09:21:20.000,287.95,150.0,287.45,288.45,150.0
2025-10-01,09:21:21.000,287.95,150.0,287.45,288.45,150.0
2025-10-01,09:21:22.000,288.15,150.0,287.3,289.0,150.0
2025-10-01,09:21:23.000,285.92,150.0,285.45,286.4,150.0
2025-10-01,09:21:24.000,285.92,150.0,285.45,286.4,150.0
2025-10-01,09:21:25.000,285.4,150.0,285.0,285.8,525.0
2025-10-01,09:21:26.000,285.4,150.0,285.0,285.8,525.0
2025-10-01,09:21:27.000,284.58,150.0,284.1,285.05,375.0
2025-10-01,09:21:28.000,284.17,750.0,283.65,284.7,225.0
2025-10-01,09:21:29.000,284.17,750.0,283.65,284.7,225.0
2025-10-01,09:21:30.000,283.67,225.0,283.2,284.15,75.0
2025-10-01,09:21:31.000,283.67,225.0,283.2,284.15,75.0
2025-10-01,09:21:32.000,284.12,600.0,283.65,284.6,75.0
2025-10-01,09:21:33.000,285.52,150.0,285.05,286.0,150.0
2025-10-01,09:21:34.000,285.52,150.0,285.05,286.0,150.0
2025-10-01,09:21:35.000,285.0,150.0,284.5,285.5,150.0
2025-10-01,09:21:36.000,285.27,300.0,284.75,285.8,225.0
2025-10-01,09:21:37.000,285.27,300.0,284.75,285.8,225.0
2025-10-01,09:21:38.000,285.77,225.0,285.25,286.3,225.0
2025-10-01,09:21:39.000,285.77,225.0,285.25,286.3,225.0
2025-10-01,09:21:40.000,285.62,300.0,285.05,286.2,150.0
2025-10-01,09:21:41.000,285.82,375.0,285.15,286.5,375.0
2025-10-01,09:21:42.000,285.82,375.0,285.15,286.5,375.0
2025-10-01,09:21:43.000,286.3,225.0,285.7,286.9,225.0
2025-10-01,09:21:44.000,286.3,225.0,285.7,286.9,225.0
2025-10-01,09:21:45.000,286.1,300.0,285.5,286.7,150.0
2025-10-01,09:21:46.000,285.33,150.0,284.8,285.85,150.0
2025-10-01,09:21:47.000,285.33,150.0,284.8,285.85,150.0
2025-10-01,09:21:48.000,285.92,375.0,285.35,286.5,150.0
2025-10-01,09:21:49.000,285.92,375.0,285.35,286.5,150.0
2025-10-01,09:21:50.000,286.0,225.0,285.5,286.5,150.0
2025-10-01,09:21:51.000,286.12,225.0,285.65,286.6,225.0
2025-10-01,09:21:52.000,286.12,225.0,285.65,286.6,225.0
2025-10-01,09:21:53.000,285.98,375.0,285.5,286.45,75.0
2025-10-01,09:21:54.000,285.62,225.0,285.2,286.05,75.0
2025-10-01,09:21:55.000,285.62,225.0,285.2,286.05,75.0
2025-10-01,09:21:56.000,286.42,225.0,285.95,286.9,450.0
2025-10-01,09:21:57.000,286.42,225.0,285.95,286.9,450.0
2025-10-01,09:21:58.000,287.45,450.0,286.95,287.95,300.0
2025-10-01,09:21:59.000,287.55,225.0,287.15,287.95,150.0
2025-10-01,09:22:00.000,287.55,225.0,287.15,287.95,150.0
2025-10-01,09:22:01.000,288.55,300.0,288.05,289.05,150.0
2025-10-01,09:22:02.000,288.55,300.0,288.05,289.05,150.0
2025-10-01,09:22:03.000,287.6,375.0,287.05,288.15,450.0
2025-10-01,09:22:04.000,289.0,150.0,288.35,289.65,225.0
2025-10-01,09:22:05.000,289.0,150.0,288.35,289.65,225.0
2025-10-01,09:22:06.000,289.1,375.0,288.8,289.4,75.0
2025-10-01,09:22:07.000,289.1,375.0,288.8,289.4,75.0
2025-10-01,09:22:08.000,289.02,300.0,288.5,289.55,375.0
2025-10-01,09:22:09.000,288.7,300.0,288.25,289.15,150.0
2025-10-01,09:22:10.000,288.7,300.0,288.25,289.15,150.0
2025-10-01,09:22:11.000,287.92,150.0,287.4,288.45,150.0
2025-10-01,09:22:12.000,287.92,150.0,287.4,288.45,150.0
2025-10-01,09:22:13.000,288.5,225.0,288.05,288.95,375.0
2025-10-01,09:22:14.000,288.8,300.0,288.2,289.4,150.0
2025-10-01,09:22:15.000,288.8,300.0,288.2,289.4,150.0
2025-10-01,09:22:16.000,289.5,225.0,289.05,289.95,75.0
2025-10-01,09:22:17.000,289.5,225.0,289.05,289.95,75.0
2025-10-01,09:22:18.000,289.27,375.0,288.55,290.0,300.0
2025-10-01,09:22:19.000,289.4,300.0,288.8,290.0,300.0
2025-10-01,09:22:20.000,289.4,300.0,288.8,290.0,300.0
2025-10-01,09:22:21.000,289.48,600.0,288.95,290.0,225.0
2025-10-01,09:22:22.000,289.48,600.0,288.95,290.0,225.0
2025-10-01,09:22:23.000,289.5,150.0,289.05,289.95,150.0
2025-10-01,09:22:24.000,289.52,225.0,289.05,290.0,225.0
2025-10-01,09:22:25.000,289.52,225.0,289.05,290.0,225.0
2025-10-01,09:22:26.000,289.52,225.0,289.05,290.0,375.0
2025-10-01,09:22:27.000,289.52,225.0,289.05,290.0,375.0
2025-10-01,09:22:28.000,289.6,225.0,289.2,290.0,225.0
2025-10-01,09:22:29.000,288.7,300.0,288.2,289.2,150.0
2025-10-01,09:22:30.000,288.7,300.0,288.2,289.2,150.0
2025-10-01,09:22:31.000,288.42,225.0,287.9,288.95,225.0
2025-10-01,09:22:32.000,288.42,225.0,287.9,288.95,225.0
2025-10-01,09:22:33.000,288.52,300.0,288.05,289.0,75.0
2025-10-01,09:22:34.000,287.67,225.0,287.15,288.2,150.0
2025-10-01,09:22:35.000,287.67,225.0,287.15,288.2,150.0
2025-10-01,09:22:36.000,287.9,600.0,287.35,288.45,450.0
2025-10-01,09:22:37.000,287.9,600.0,287.35,288.45,450.0
2025-10-01,09:22:38.000,287.35,150.0,287.0,287.7,150.0
2025-10-01,09:22:39.000,287.9,225.0,287.35,288.45,225.0
2025-10-01,09:22:40.000,287.9,225.0,287.35,288.45,225.0
2025-10-01,09:22:41.000,287.77,225.0,287.35,288.2,75.0
2025-10-01,09:22:42.000,288.2,225.0,287.7,288.7,75.0
2025-10-01,09:22:43.000,288.2,225.0,287.7,288.7,75.0
2025-10-01,09:22:44.000,287.95,300.0,287.45,288.45,225.0
2025-10-01,09:22:45.000,287.95,300.0,287.45,288.45,225.0
2025-10-01,09:22:46.000,287.95,225.0,287.45,288.45,150.0
2025-10-01,09:22:47.000,288.7,225.0,288.2,289.2,675.0
2025-10-01,09:22:48.000,288.7,225.0,288.2,289.2,675.0
2025-10-01,09:22:49.000,288.33,300.0,287.85,288.8,75.0
2025-10-01,09:22:50.000,288.33,300.0,287.85,288.8,75.0
2025-10-01,09:22:51.000,288.42,225.0,288.0,288.85,75.0
2025-10-01,09:22:52.000,287.73,225.0,287.15,288.3,525.0
2025-10-01,09:22:53.000,287.73,225.0,287.15,288.3,525.0
2025-10-01,09:22:54.000,287.52,300.0,287.1,287.95,75.0
2025-10-01,09:22:55.000,287.52,300.0,287.1,287.95,75.0
2025-10-01,09:22:56.000,287.12,225.0,286.7,287.55,75.0
2025-10-01,09:22:57.000,285.85,300.0,285.45,286.25,150.0
2025-10-01,09:22:58.000,285.85,300.0,285.45,286.25,150.0
2025-10-01,09:22:59.000,286.35,375.0,286.0,286.7,75.0
2025-10-01,09:23:00.000,286.35,375.0,286.0,286.7,75.0
2025-10-01,09:23:01.000,286.5,375.0,286.05,286.95,150.0
2025-10-01,09:23:02.000,285.98,300.0,285.45,286.5,75.0
2025-10-01,09:23:03.000,285.98,300.0,285.45,286.5,75.0
2025-10-01,09:23:04.000,285.95,300.0,285.45,286.45,225.0
2025-10-01,09:23:05.000,285.95,300.0,285.45,286.45,225.0
2025-10-01,09:23:06.000,285.92,300.0,285.4,286.45,150.0
2025-10-01,09:23:07.000,285.92,300.0,285.4,286.45,150.0
2025-10-01,09:23:08.000,286.52,225.0,286.2,286.85,75.0
2025-10-01,09:23:09.000,286.4,375.0,285.9,286.9,150.0
2025-10-01,09:23:10.000,286.4,375.0,285.9,286.9,150.0
2025-10-01,09:23:11.000,286.08,375.0,285.6,286.55,150.0
2025-10-01,09:23:12.000,286.08,375.0,285.6,286.55,150.0
2025-10-01,09:23:13.000,287.48,300.0,287.0,287.95,75.0
2025-10-01,09:23:14.000,287.73,375.0,287.25,288.2,150.0
2025-10-01,09:23:15.000,287.73,375.0,287.25,288.2,150.0
2025-10-01,09:23:16.000,288.23,300.0,287.85,288.6,75.0
2025-10-01,09:23:17.000,288.23,300.0,287.85,288.6,75.0
2025-10-01,09:23:18.000,289.55,375.0,289.15,289.95,75.0
2025-10-01,09:23:19.000,289.25,300.0,288.75,289.75,525.0
2025-10-01,09:23:20.000,289.25,300.0,288.75,289.75,525.0
2025-10-01,09:23:21.000,289.2,300.0,288.75,289.65,75.0
2025-10-01,09:23:22.000,289.2,300.0,288.75,289.65,75.0
2025-10-01,09:23:23.000,288.3,225.0,287.8,288.8,75.0
2025-10-01,09:23:24.000,288.15,525.0,287.9,288.4,75.0
2025-10-01,09:23:25.000,288.15,525.0,287.9,288.4,75.0
2025-10-01,09:23:26.000,287.65,225.0,287.2,288.1,150.0
2025-10-01,09:23:27.000,287.65,225.0,287.2,288.1,150.0
2025-10-01,09:23:28.000,286.62,225.0,286.2,287.05,150.0
2025-10-01,09:23:29.000,286.48,150.0,286.0,286.95,75.0
2025-10-01,09:23:30.000,286.48,150.0,286.0,286.95,75.0
2025-10-01,09:23:31.000,287.38,150.0,286.8,287.95,150.0
2025-10-01,09:23:32.000,287.38,150.0,286.8,287.95,150.0
2025-10-01,09:23:33.000,288.08,300.0,287.6,288.55,450.0
2025-10-01,09:23:34.000,287.9,525.0,287.45,288.35,75.0
2025-10-01,09:23:35.000,287.9,525.0,287.45,288.35,75.0
2025-10-01,09:23:36.000,287.85,225.0,287.3,288.4,150.0
2025-10-01,09:23:37.000,287.85,225.0,287.3,288.4,150.0
2025-10-01,09:23:38.000,285.92,75.0,285.2,286.65,75.0
2025-10-01,09:23:39.000,285.98,525.0,285.5,286.45,75.0
2025-10-01,09:23:40.000,285.98,525.0,285.5,286.45,75.0
2025-10-01,09:23:41.000,286.25,225.0,285.95,286.55,75.0
2025-10-01,09:23:42.000,287.23,225.0,286.75,287.7,300.0
2025-10-01,09:23:43.000,287.23,225.0,286.75,287.7,300.0
2025-10-01,09:23:44.000,286.98,225.0,286.6,287.35,75.0
2025-10-01,09:23:45.000,286.98,225.0,286.6,287.35,75.0
2025-10-01,09:23:46.000,286.6,150.0,286.2,287.0,75.0
2025-10-01,09:23:47.000,286.92,225.0,286.5,287.35,75.0
2025-10-01,09:23:48.000,286.92,225.0,286.5,287.35,75.0
2025-10-01,09:23:49.000,287.3,300.0,286.85,287.75,150.0
2025-10-01,09:23:50.000,287.3,300.0,286.85,287.75,150.0
2025-10-01,09:23:51.000,287.68,150.0,287.3,288.05,150.0
2025-10-01,09:23:52.000,288.75,150.0,288.35,289.15,150.0
2025-10-01,09:23:53.000,288.75,150.0,288.35,289.15,150.0
2025-10-01,09:23:54.000,289.52,150.0,289.05,290.0,375.0
2025-10-01,09:23:55.000,289.52,150.0,289.05,290.0,375.0
2025-10-01,09:23:56.000,290.55,225.0,290.05,291.05,225.0
2025-10-01,09:23:57.000,289.68,150.0,289.1,290.25,150.0
2025-10-01,09:23:58.000,289.68,150.0,289.1,290.25,150.0
2025-10-01,09:23:59.000,290.2,225.0,289.7,290.7,150.0
2025-10-01,09:24:00.000,290.2,225.0,289.7,290.7,150.0
2025-10-01,09:24:01.000,290.0,450.0,289.5,290.5,225.0
2025-10-01,09:24:02.000,290.42,150.0,290.05,290.8,300.0
2025-10-01,09:24:03.000,290.42,150.0,290.05,290.8,300.0
2025-10-01,09:24:04.000,290.3,150.0,289.8,290.8,75.0
2025-10-01,09:24:05.000,290.3,150.0,289.8,290.8,75.0
2025-10-01,09:24:06.000,290.18,225.0,289.85,290.5,75.0
2025-10-01,09:24:07.000,290.85,150.0,290.4,291.3,150.0
2025-10-01,09:24:08.000,290.85,150.0,290.4,291.3,150.0
2025-10-01,09:24:09.000,290.4,150.0,290.05,290.75,150.0
2025-10-01,09:24:10.000,290.4,150.0,290.05,290.75,150.0
2025-10-01,09:24:11.000,290.68,375.0,290.25,291.1,75.0
2025-10-01,09:24:12.000,290.62,225.0,290.2,291.05,75.0
2025-10-01,09:24:13.000,290.62,225.0,290.2,291.05,75.0
2025-10-01,09:24:14.000,290.55,300.0,290.05,291.05,150.0
2025-10-01,09:24:15.000,290.55,300.0,290.05,291.05,150.0
2025-10-01,09:24:16.000,290.1,150.0,289.7,290.5,225.0
2025-10-01,09:24:17.000,290.73,150.0,290.2,291.25,225.0
2025-10-01,09:24:18.000,290.73,150.0,290.2,291.25,225.0
2025-10-01,09:24:19.000,291.05,225.0,290.6,291.5,150.0
2025-10-01,09:24:20.000,291.05,225.0,290.6,291.5,150.0
2025-10-01,09:24:21.000,291.02,75.0,290.5,291.55,150.0
2025-10-01,09:24:22.000,291.45,150.0,291.0,291.9,150.0
2025-10-01,09:24:23.000,291.45,150.0,291.0,291.9,150.0
2025-10-01,09:24:24.000,291.45,150.0,291.0,291.9,150.0
2025-10-01,09:24:25.000,291.45,150.0,291.0,291.9,150.0
2025-10-01,09:24:26.000,291.62,150.0,291.1,292.15,150.0
2025-10-01,09:24:27.000,291.65,225.0,291.15,292.15,150.0
2025-10-01,09:24:28.000,291.65,225.0,291.15,292.15,150.0
2025-10-01,09:24:29.000,291.68,225.0,291.25,292.1,225.0
2025-10-01,09:24:30.000,291.68,225.0,291.25,292.1,225.0
2025-10-01,09:24:31.000,291.32,150.0,291.0,291.65,225.0
2025-10-01,09:24:32.000,290.55,300.0,290.05,291.05,300.0
2025-10-01,09:24:33.000,290.55,300.0,290.05,291.05,300.0
2025-10-01,09:24:34.000,289.75,300.0,289.3,290.2,450.0
2025-10-01,09:24:35.000,289.75,300.0,289.3,290.2,450.0
2025-10-01,09:24:36.000,289.35,150.0,289.0,289.7,225.0
2025-10-01,09:24:37.000,288.98,525.0,288.5,289.45,75.0
2025-10-01,09:24:38.000,288.98,525.0,288.5,289.45,75.0
2025-10-01,09:24:39.000,288.8,300.0,288.25,289.35,225.0
2025-10-01,09:24:40.000,288.8,300.0,288.25,289.35,225.0
2025-10-01,09:24:41.000,288.45,225.0,288.0,288.9,375.0
2025-10-01,09:24:42.000,289.18,150.0,288.75,289.6,225.0
2025-10-01,09:24:43.000,289.18,150.0,288.75,289.6,225.0
2025-10-01,09:24:44.000,290.2,225.0,289.65,290.75,300.0
2025-10-01,09:24:45.000,290.2,225.0,289.65,290.75,300.0
2025-10-01,09:24:46.000,289.88,225.0,289.5,290.25,75.0
2025-10-01,09:24:47.000,290.12,675.0,289.55,290.7,450.0
2025-10-01,09:24:48.000,290.12,675.0,289.55,290.7,450.0
2025-10-01,09:24:49.000,290.83,150.0,290.35,291.3,225.0
2025-10-01,09:24:50.000,290.83,150.0,290.35,291.3,225.0
2025-10-01,09:24:51.000,291.0,225.0,290.5,291.5,150.0
2025-10-01,09:24:52.000,291.67,300.0,291.15,292.2,225.0
2025-10-01,09:24:53.000,291.67,300.0,291.15,292.2,225.0
2025-10-01,09:24:54.000,292.88,375.0,292.1,293.65,225.0
2025-10-01,09:24:55.000,292.88,375.0,292.1,293.65,225.0
2025-10-01,09:24:56.000,292.82,225.0,292.2,293.45,300.0
2025-10-01,09:24:57.000,291.5,300.0,291.05,291.95,75.0
2025-10-01,09:24:58.000,291.5,300.0,291.05,291.95,75.0
2025-10-01,09:24:59.000,292.73,225.0,292.15,293.3,75.0
2025-10-01,09:25:00.000,292.73,225.0,292.15,293.3,75.0
2025-10-01,09:25:01.000,293.2,150.0,292.85,293.55,150.0
2025-10-01,09:25:02.000,292.58,225.0,292.1,293.05,225.0
2025-10-01,09:25:03.000,292.58,225.0,292.1,293.05,225.0
2025-10-01,09:25:04.000,293.77,150.0,293.35,294.2,150.0
2025-10-01,09:25:05.000,293.77,150.0,293.35,294.2,150.0
2025-10-01,09:25:06.000,292.88,75.0,292.55,293.2,75.0
2025-10-01,09:25:07.000,291.7,150.0,291.5,291.9,75.0
2025-10-01,09:25:08.000,291.7,150.0,291.5,291.9,75.0
2025-10-01,09:25:09.000,291.83,525.0,291.3,292.35,300.0
2025-10-01,09:25:10.000,291.83,525.0,291.3,292.35,300.0
2025-10-01,09:25:11.000,293.02,75.0,292.45,293.6,450.0
2025-10-01,09:25:12.000,293.1,75.0,292.65,293.55,300.0
2025-10-01,09:25:13.000,293.1,75.0,292.65,293.55,300.0
2025-10-01,09:25:14.000,293.65,600.0,293.2,294.1,150.0
2025-10-01,09:25:15.000,293.65,600.0,293.2,294.1,150.0
2025-10-01,09:25:16.000,293.67,525.0,293.2,294.15,150.0
2025-10-01,09:25:17.000,293.98,75.0,293.5,294.45,150.0
2025-10-01,09:25:18.000,293.98,75.0,293.5,294.45,150.0
2025-10-01,09:25:19.000,294.1,75.0,293.7,294.5,150.0
2025-10-01,09:25:20.000,294.1,75.0,293.7,294.5,150.0
2025-10-01,09:25:21.000,294.1,450.0,293.6,294.6,150.0
2025-10-01,09:25:22.000,293.02,300.0,292.6,293.45,75.0
2025-10-01,09:25:23.000,293.02,300.0,292.6,293.45,75.0
2025-10-01,09:25:24.000,294.1,75.0,293.6,294.6,150.0
2025-10-01,09:25:25.000,294.1,75.0,293.6,294.6,150.0
2025-10-01,09:25:26.000,293.38,150.0,293.0,293.75,150.0
2025-10-01,09:25:27.000,293.32,150.0,293.0,293.65,75.0
2025-10-01,09:25:28.000,293.32,150.0,293.0,293.65,75.0
2025-10-01,09:25:29.000,292.82,375.0,292.25,293.4,150.0
2025-10-01,09:25:30.000,292.82,375.0,292.25,293.4,150.0
2025-10-01,09:25:31.000,292.42,150.0,292.0,292.85,150.0
2025-10-01,09:25:32.000,292.7,525.0,292.25,293.15,150.0
2025-10-01,09:25:33.000,292.7,525.0,292.25,293.15,150.0
2025-10-01,09:25:34.000,293.73,300.0,293.25,294.2,225.0
2025-10-01,09:25:35.000,293.73,300.0,293.25,294.2,225.0
2025-10-01,09:25:36.000,293.38,225.0,293.0,293.75,75.0
2025-10-01,09:25:37.000,293.45,300.0,293.0,293.9,75.0
2025-10-01,09:25:38.000,293.45,300.0,293.0,293.9,75.0
2025-10-01,09:25:39.000,294.6,300.0,294.2,295.0,75.0
2025-10-01,09:25:40.000,294.6,300.0,294.2,295.0,75.0
2025-10-01,09:25:41.000,295.85,300.0,295.35,296.35,375.0
2025-10-01,09:25:42.000,295.45,75.0,295.05,295.85,150.0
2025-10-01,09:25:43.000,295.45,75.0,295.05,295.85,150.0
2025-10-01,09:25:44.000,294.68,300.0,294.25,295.1,150.0
2025-10-01,09:25:45.000,294.68,300.0,294.25,295.1,150.0
2025-10-01,09:25:46.000,294.27,150.0,294.0,294.55,300.0
2025-10-01,09:25:47.000,294.67,525.0,294.2,295.15,150.0
2025-10-01,09:25:48.000,294.67,525.0,294.2,295.15,150.0
2025-10-01,09:25:49.000,295.5,75.0,295.05,295.95,150.0
2025-10-01,09:25:50.000,295.5,75.0,295.05,295.95,150.0
2025-10-01,09:25:51.000,295.27,225.0,294.85,295.7,375.0
2025-10-01,09:25:52.000,294.75,75.0,294.3,295.2,75.0
2025-10-01,09:25:53.000,294.75,75.0,294.3,295.2,75.0
2025-10-01,09:25:54.000,294.52,225.0,294.05,295.0,75.0
2025-10-01,09:25:55.000,294.52,225.0,294.05,295.0,75.0
2025-10-01,09:25:56.000,294.52,225.0,294.05,295.0,75.0
2025-10-01,09:25:57.000,293.77,225.0,293.3,294.25,150.0
2025-10-01,09:25:58.000,293.77,225.0,293.3,294.25,150.0
2025-10-01,09:25:59.000,293.85,225.0,293.4,294.3,75.0
2025-10-01,09:26:00.000,293.85,225.0,293.4,294.3,75.0
2025-10-01,09:26:01.000,292.98,450.0,292.5,293.45,75.0
2025-10-01,09:26:02.000,293.4,150.0,293.0,293.8,600.0
2025-10-01,09:26:03.000,293.4,150.0,293.0,293.8,600.0
2025-10-01,09:26:04.000,293.2,150.0,292.8,293.6,150.0
2025-10-01,09:26:05.000,293.2,150.0,292.8,293.6,150.0
2025-10-01,09:26:06.000,291.9,300.0,291.4,292.4,225.0
2025-10-01,09:26:07.000,291.9,375.0,291.4,292.4,75.0
2025-10-01,09:26:08.000,291.9,375.0,291.4,292.4,75.0
2025-10-01,09:26:09.000,291.5,150.0,291.0,292.0,450.0
2025-10-01,09:26:10.000,291.5,150.0,291.0,292.0,450.0
2025-10-01,09:26:11.000,291.6,375.0,291.05,292.15,225.0
2025-10-01,09:26:12.000,291.45,75.0,291.1,291.8,75.0
2025-10-01,09:26:13.000,291.45,75.0,291.1,291.8,75.0
2025-10-01,09:26:14.000,289.85,225.0,289.45,290.25,450.0
2025-10-01,09:26:15.000,289.85,225.0,289.45,290.25,450.0
2025-10-01,09:26:16.000,289.8,300.0,289.25,290.35,225.0
2025-10-01,09:26:17.000,289.45,150.0,289.15,289.75,225.0
2025-10-01,09:26:18.000,289.45,150.0,289.15,289.75,225.0
2025-10-01,09:26:19.000,290.75,450.0,290.25,291.25,225.0
2025-10-01,09:26:20.000,290.75,450.0,290.25,291.25,225.0
2025-10-01,09:26:21.000,292.02,300.0,291.55,292.5,600.0
2025-10-01,09:26:22.000,292.62,225.0,292.1,293.15,525.0
2025-10-01,09:26:23.000,292.62,225.0,292.1,293.15,525.0
2025-10-01,09:26:24.000,291.9,375.0,291.5,292.3,75.0
2025-10-01,09:26:25.000,291.9,375.0,291.5,292.3,75.0
2025-10-01,09:26:26.000,292.62,225.0,292.25,293.0,75.0
2025-10-01,09:26:27.000,293.02,300.0,292.45,293.6,225.0
2025-10-01,09:26:28.000,293.02,300.0,292.45,293.6,225.0
2025-10-01,09:26:29.000,292.42,375.0,292.05,292.8,75.0
2025-10-01,09:26:30.000,292.42,375.0,292.05,292.8,75.0
2025-10-01,09:26:31.000,292.67,225.0,292.2,293.15,150.0
2025-10-01,09:26:32.000,293.0,225.0,292.55,293.45,150.0
2025-10-01,09:26:33.000,293.0,225.0,292.55,293.45,150.0
2025-10-01,09:26:34.000,292.4,150.0,292.0,292.8,375.0
2025-10-01,09:26:35.000,292.4,150.0,292.0,292.8,375.0
2025-10-01,09:26:36.000,292.5,300.0,292.05,292.95,150.0
2025-10-01,09:26:37.000,292.82,225.0,292.4,293.25,375.0
2025-10-01,09:26:38.000,292.82,225.0,292.4,293.25,375.0
2025-10-01,09:26:39.000,292.95,300.0,292.55,293.35,75.0
2025-10-01,09:26:40.000,292.95,300.0,292.55,293.35,75.0
2025-10-01,09:26:41.000,293.38,150.0,293.05,293.7,150.0
2025-10-01,09:26:42.000,294.45,150.0,294.05,294.85,150.0
2025-10-01,09:26:43.000,294.45,150.0,294.05,294.85,150.0
2025-10-01,09:26:44.000,294.48,375.0,294.05,294.9,150.0
2025-10-01,09:26:45.000,294.48,375.0,294.05,294.9,150.0
2025-10-01,09:26:46.000,293.77,2100.0,293.3,294.25,150.0
2025-10-01,09:26:47.000,293.6,600.0,293.05,294.15,525.0
2025-10-01,09:26:48.000,293.6,600.0,293.05,294.15,525.0
2025-10-01,09:26:49.000,294.0,450.0,293.5,294.5,75.0
2025-10-01,09:26:50.000,294.0,450.0,293.5,294.5,75.0
2025-10-01,09:26:51.000,295.08,300.0,294.55,295.6,75.0
2025-10-01,09:26:52.000,294.62,225.0,294.15,295.1,75.0
2025-10-01,09:26:53.000,294.62,225.0,294.15,295.1,75.0
2025-10-01,09:26:54.000,294.83,225.0,294.3,295.35,300.0
2025-10-01,09:26:55.000,294.83,225.0,294.3,295.35,300.0
2025-10-01,09:26:56.000,295.02,225.0,294.45,295.6,150.0
2025-10-01,09:26:57.000,294.8,225.0,294.3,295.3,75.0
2025-10-01,09:26:58.000,294.8,225.0,294.3,295.3,75.0
2025-10-01,09:26:59.000,294.42,225.0,294.0,294.85,75.0
2025-10-01,09:27:00.000,294.42,225.0,294.0,294.85,75.0
2025-10-01,09:27:01.000,295.23,225.0,294.65,295.8,450.0
2025-10-01,09:27:02.000,295.05,375.0,294.55,295.55,75.0
2025-10-01,09:27:03.000,295.05,375.0,294.55,295.55,75.0
2025-10-01,09:27:04.000,294.58,150.0,294.05,295.1,675.0
2025-10-01,09:27:05.000,294.58,150.0,294.05,295.1,675.0
2025-10-01,09:27:06.000,294.02,375.0,293.55,294.5,75.0
2025-10-01,09:27:07.000,293.68,225.0,293.3,294.05,75.0
2025-10-01,09:27:08.000,293.68,225.0,293.3,294.05,75.0
2025-10-01,09:27:09.000,294.55,225.0,294.15,294.95,75.0
2025-10-01,09:27:10.000,294.55,225.0,294.15,294.95,75.0
2025-10-01,09:27:11.000,295.12,150.0,294.6,295.65,675.0
2025-10-01,09:27:12.000,295.27,150.0,294.75,295.8,225.0
2025-10-01,09:27:13.000,295.27,150.0,294.75,295.8,225.0
2025-10-01,09:27:14.000,294.58,225.0,294.15,295.0,150.0
2025-10-01,09:27:15.000,294.58,225.0,294.15,295.0,150.0
2025-10-01,09:27:16.000,294.77,225.0,294.2,295.35,225.0
2025-10-01,09:27:17.000,295.27,225.0,295.0,295.55,525.0
2025-10-01,09:27:18.000,295.27,225.0,295.0,295.55,525.0
2025-10-01,09:27:19.000,294.25,225.0,293.75,294.75,75.0
2025-10-01,09:27:20.000,294.25,225.0,293.75,294.75,75.0
2025-10-01,09:27:21.000,294.35,225.0,294.0,294.7,225.0
2025-10-01,09:27:22.000,294.27,225.0,293.8,294.75,75.0
2025-10-01,09:27:23.000,294.27,225.0,293.8,294.75,75.0
2025-10-01,09:27:24.000,294.02,225.0,293.45,294.6,300.0
2025-10-01,09:27:25.000,294.02,225.0,293.45,294.6,300.0
2025-10-01,09:27:26.000,293.38,225.0,293.05,293.7,150.0
2025-10-01,09:27:27.000,294.48,225.0,294.05,294.9,150.0
2025-10-01,09:27:28.000,294.48,225.0,294.05,294.9,150.0
2025-10-01,09:27:29.000,294.35,300.0,293.95,294.75,75.0
2025-10-01,09:27:30.000,294.35,300.0,293.95,294.75,75.0
2025-10-01,09:27:31.000,295.48,225.0,294.95,296.0,225.0
2025-10-01,09:27:32.000,295.77,225.0,295.3,296.25,75.0
2025-10-01,09:27:33.000,295.77,225.0,295.3,296.25,75.0
2025-10-01,09:27:34.000,296.23,225.0,295.65,296.8,150.0
2025-10-01,09:27:35.000,296.23,225.0,295.65,296.8,150.0
2025-10-01,09:27:36.000,295.92,225.0,295.45,296.4,75.0
2025-10-01,09:27:37.000,295.65,450.0,295.15,296.15,225.0
2025-10-01,09:27:38.000,295.65,450.0,295.15,296.15,225.0
2025-10-01,09:27:39.000,295.45,225.0,295.05,295.85,75.0
2025-10-01,09:27:40.000,295.45,225.0,295.05,295.85,75.0
2025-10-01,09:27:41.000,295.3,75.0,295.0,295.6,525.0
2025-10-01,09:27:42.000,294.65,150.0,294.15,295.15,150.0
2025-10-01,09:27:43.000,294.65,150.0,294.15,295.15,150.0
2025-10-01,09:27:44.000,295.0,300.0,294.5,295.5,600.0
2025-10-01,09:27:45.000,295.0,300.0,294.5,295.5,600.0
2025-10-01,09:27:46.000,294.62,300.0,294.05,295.2,375.0
2025-10-01,09:27:47.000,295.08,450.0,294.5,295.65,375.0
2025-10-01,09:27:48.000,295.08,450.0,294.5,295.65,375.0
2025-10-01,09:27:49.000,294.92,450.0,294.4,295.45,675.0
2025-10-01,09:27:50.000,294.92,450.0,294.4,295.45,675.0
2025-10-01,09:27:51.000,294.8,450.0,294.3,295.3,225.0
2025-10-01,09:27:52.000,294.8,225.0,294.35,295.25,75.0
2025-10-01,09:27:53.000,294.8,225.0,294.35,295.25,75.0
2025-10-01,09:27:54.000,294.48,600.0,294.0,294.95,750.0
2025-10-01,09:27:55.000,294.48,600.0,294.0,294.95,750.0
2025-10-01,09:27:56.000,294.48,300.0,294.0,294.95,225.0
2025-10-01,09:27:57.000,294.1,225.0,293.6,294.6,150.0
2025-10-01,09:27:58.000,294.1,225.0,293.6,294.6,150.0
2025-10-01,09:27:59.000,294.02,225.0,293.55,294.5,150.0
2025-10-01,09:28:00.000,294.02,225.0,293.55,294.5,150.0
2025-10-01,09:28:01.000,294.82,225.0,294.4,295.25,75.0
2025-10-01,09:28:02.000,295.02,225.0,294.6,295.45,75.0
2025-10-01,09:28:03.000,295.02,225.0,294.6,295.45,75.0
2025-10-01,09:28:04.000,295.6,225.0,295.15,296.05,75.0
2025-10-01,09:28:05.000,295.6,225.0,295.15,296.05,75.0
2025-10-01,09:28:06.000,294.98,300.0,294.55,295.4,75.0
2025-10-01,09:28:07.000,295.85,225.0,295.35,296.35,150.0
2025-10-01,09:28:08.000,295.85,225.0,295.35,296.35,150.0
2025-10-01,09:28:09.000,295.5,375.0,295.05,295.95,225.0
2025-10-01,09:28:10.000,295.5,375.0,295.05,295.95,225.0
2025-10-01,09:28:11.000,295.77,750.0,295.3,296.25,225.0
2025-10-01,09:28:12.000,295.9,450.0,295.45,296.35,375.0
2025-10-01,09:28:13.000,295.9,450.0,295.45,296.35,375.0
2025-10-01,09:28:14.000,296.02,225.0,295.6,296.45,225.0
2025-10-01,09:28:15.000,296.02,225.0,295.6,296.45,225.0
2025-10-01,09:28:16.000,295.35,150.0,295.0,295.7,450.0
2025-10-01,09:28:17.000,296.1,375.0,295.55,296.65,150.0
2025-10-01,09:28:18.000,296.1,375.0,295.55,296.65,150.0
2025-10-01,09:28:19.000,295.6,150.0,295.1,296.1,150.0
2025-10-01,09:28:20.000,295.6,150.0,295.1,296.1,150.0
2025-10-01,09:28:21.000,294.75,225.0,294.4,295.1,75.0
2025-10-01,09:28:22.000,295.9,225.0,295.4,296.4,150.0
2025-10-01,09:28:23.000,295.9,225.0,295.4,296.4,150.0
2025-10-01,09:28:24.000,296.25,225.0,295.6,296.9,375.0
2025-10-01,09:28:25.000,296.25,225.0,295.6,296.9,375.0
2025-10-01,09:28:26.000,296.65,225.0,296.2,297.1,225.0
2025-10-01,09:28:27.000,296.8,300.0,296.3,297.3,300.0
2025-10-01,09:28:28.000,296.8,300.0,296.3,297.3,300.0
2025-10-01,09:28:29.000,297.02,300.0,296.6,297.45,225.0
2025-10-01,09:28:30.000,297.02,300.0,296.6,297.45,225.0
2025-10-01,09:28:31.000,297.67,300.0,297.15,298.2,150.0
2025-10-01,09:28:32.000,297.08,300.0,296.65,297.5,225.0
2025-10-01,09:28:33.000,297.08,300.0,296.65,297.5,225.0
2025-10-01,09:28:34.000,297.42,150.0,297.0,297.85,150.0
2025-10-01,09:28:35.000,297.42,150.0,297.0,297.85,150.0
2025-10-01,09:28:36.000,297.83,300.0,297.3,298.35,300.0
2025-10-01,09:28:37.000,297.7,600.0,297.15,298.25,150.0
2025-10-01,09:28:38.000,297.7,600.0,297.15,298.25,150.0
2025-10-01,09:28:39.000,297.35,150.0,297.0,297.7,150.0
2025-10-01,09:28:40.000,297.35,150.0,297.0,297.7,150.0
2025-10-01,09:28:41.000,297.48,150.0,297.0,297.95,300.0
2025-10-01,09:28:42.000,296.95,225.0,296.5,297.4,75.0
2025-10-01,09:28:43.000,296.95,225.0,296.5,297.4,75.0
2025-10-01,09:28:44.000,297.27,300.0,296.8,297.75,225.0
2025-10-01,09:28:45.000,297.42,150.0,297.0,297.85,75.0
2025-10-01,09:28:46.000,297.42,150.0,297.0,297.85,75.0
2025-10-01,09:28:47.000,297.5,375.0,297.0,298.0,375.0
2025-10-01,09:28:48.000,297.5,375.0,297.0,298.0,375.0
2025-10-01,09:28:49.000,296.85,300.0,296.4,297.3,225.0
2025-10-01,09:28:50.000,296.98,300.0,296.55,297.4,225.0
2025-10-01,09:28:51.000,296.98,300.0,296.55,297.4,225.0
2025-10-01,09:28:52.000,296.38,150.0,296.0,296.75,300.0
2025-10-01,09:28:53.000,296.38,150.0,296.0,296.75,300.0
2025-10-01,09:28:54.000,296.62,300.0,296.15,297.1,225.0
2025-10-01,09:28:55.000,297.25,300.0,296.75,297.75,225.0
2025-10-01,09:28:56.000,297.25,300.0,296.75,297.75,225.0
2025-10-01,09:28:57.000,296.45,450.0,296.0,296.9,150.0
2025-10-01,09:28:58.000,296.45,450.0,296.0,296.9,150.0
2025-10-01,09:28:59.000,296.58,300.0,296.15,297.0,150.0
2025-10-01,09:29:00.000,297.08,75.0,296.6,297.55,150.0
2025-10-01,09:29:01.000,297.08,75.0,296.6,297.55,150.0
2025-10-01,09:29:02.000,296.3,150.0,296.0,296.6,150.0
2025-10-01,09:29:03.000,296.3,150.0,296.0,296.6,150.0
2025-10-01,09:29:04.000,296.4,225.0,296.0,296.8,300.0
2025-10-01,09:29:05.000,296.48,300.0,296.05,296.9,225.0
2025-10-01,09:29:06.000,296.48,300.0,296.05,296.9,225.0
2025-10-01,09:29:07.000,296.18,300.0,295.75,296.6,225.0
2025-10-01,09:29:08.000,296.18,300.0,295.75,296.6,225.0
2025-10-01,09:29:09.000,297.1,300.0,296.65,297.55,375.0
2025-10-01,09:29:10.000,295.67,300.0,295.15,296.2,225.0
2025-10-01,09:29:11.000,295.67,300.0,295.15,296.2,225.0
2025-10-01,09:29:12.000,295.82,675.0,295.25,296.4,375.0
2025-10-01,09:29:13.000,295.82,675.0,295.25,296.4,375.0
2025-10-01,09:29:14.000,296.12,375.0,295.55,296.7,225.0
2025-10-01,09:29:15.000,296.15,300.0,295.45,296.85,150.0
2025-10-01,09:29:16.000,296.15,300.0,295.45,296.85,150.0
2025-10-01,09:29:17.000,294.92,300.0,294.4,295.45,225.0
2025-10-01,09:29:18.000,294.92,300.0,294.4,295.45,225.0
2025-10-01,09:29:19.000,295.45,150.0,295.0,295.9,150.0
2025-10-01,09:29:20.000,295.65,1125.0,295.25,296.05,375.0
2025-10-01,09:29:21.000,295.65,1125.0,295.25,296.05,375.0
2025-10-01,09:29:22.000,297.35,300.0,296.75,297.95,375.0
2025-10-01,09:29:23.000,297.35,300.0,296.75,297.95,375.0
2025-10-01,09:29:24.000,297.12,375.0,296.6,297.65,225.0
2025-10-01,09:29:25.000,297.6,525.0,297.0,298.2,225.0
2025-10-01,09:29:26.000,297.6,525.0,297.0,298.2,225.0
2025-10-01,09:29:27.000,297.85,375.0,297.3,298.4,225.0
2025-10-01,09:29:28.000,297.85,375.0,297.3,298.4,225.0
2025-10-01,09:29:29.000,297.45,150.0,297.0,297.9,150.0
2025-10-01,09:29:30.000,297.8,375.0,297.3,298.3,75.0
2025-10-01,09:29:31.000,297.8,375.0,297.3,298.3,75.0
2025-10-01,09:29:32.000,297.48,150.0,297.0,297.95,375.0
2025-10-01,09:29:33.000,297.48,150.0,297.0,297.95,375.0
2025-10-01,09:29:34.000,297.2,300.0,296.7,297.7,300.0
2025-10-01,09:29:35.000,297.58,300.0,297.2,297.95,150.0
2025-10-01,09:29:36.000,297.58,300.0,297.2,297.95,150.0
2025-10-01,09:29:37.000,297.65,525.0,297.1,298.2,225.0
2025-10-01,09:29:38.000,297.65,525.0,297.1,298.2,225.0
2025-10-01,09:29:39.000,298.42,300.0,297.9,298.95,150.0
2025-10-01,09:29:40.000,299.2,150.0,298.35,300.05,75.0
2025-10-01,09:29:41.000,299.2,150.0,298.35,300.05,75.0
2025-10-01,09:29:42.000,298.2,525.0,297.6,298.8,300.0
2025-10-01,09:29:43.000,298.2,525.0,297.6,298.8,300.0
2025-10-01,09:29:44.000,298.05,300.0,297.5,298.6,225.0
2025-10-01,09:29:45.000,297.8,450.0,297.3,298.3,225.0
2025-10-01,09:29:46.000,297.8,450.0,297.3,298.3,225.0
2025-10-01,09:29:47.000,298.2,300.0,297.65,298.75,375.0
2025-10-01,09:29:48.000,298.2,300.0,297.65,298.75,375.0
2025-10-01,09:29:49.000,297.6,375.0,297.1,298.1,150.0
2025-10-01,09:29:50.000,296.15,75.0,295.55,296.75,150.0
2025-10-01,09:29:51.000,296.15,75.0,295.55,296.75,150.0
2025-10-01,09:29:52.000,296.85,375.0,296.5,297.2,75.0
2025-10-01,09:29:53.000,296.85,375.0,296.5,297.2,75.0
2025-10-01,09:29:54.000,298.17,300.0,297.65,298.7,150.0
2025-10-01,09:29:55.000,297.83,300.0,297.35,298.3,150.0
2025-10-01,09:29:56.000,297.83,300.0,297.35,298.3,150.0
2025-10-01,09:29:57.000,298.4,225.0,298.0,298.8,150.0
2025-10-01,09:29:58.000,298.4,225.0,298.0,298.8,150.0
2025-10-01,09:29:59.000,298.55,150.0,298.0,299.1,375.0
2025-10-01,09:30:00.000,297.45,225.0,297.0,297.9,150.0
2025-10-01,09:30:01.000,297.45,225.0,297.0,297.9,150.0
2025-10-01,09:30:02.000,297.88,375.0,297.35,298.4,150.0
2025-10-01,09:30:03.000,297.88,375.0,297.35,298.4,150.0
2025-10-01,09:30:04.000,298.38,150.0,298.0,298.75,75.0
2025-10-01,09:30:05.000,298.48,300.0,298.05,298.9,75.0
2025-10-01,09:30:06.000,298.48,300.0,298.05,298.9,75.0
2025-10-01,09:30:07.000,298.83,150.0,298.35,299.3,150.0
2025-10-01,09:30:08.000,298.83,150.0,298.35,299.3,150.0
2025-10-01,09:30:09.000,298.73,225.0,298.25,299.2,225.0
2025-10-01,09:30:10.000,298.05,225.0,297.6,298.5,225.0
2025-10-01,09:30:11.000,298.05,225.0,297.6,298.5,225.0
2025-10-01,09:30:12.000,297.8,300.0,297.55,298.05,375.0
2025-10-01,09:30:13.000,297.8,300.0,297.55,298.05,375.0
2025-10-01,09:30:14.000,296.77,75.0,296.25,297.3,75.0
2025-10-01,09:30:15.000,296.92,375.0,296.4,297.45,300.0
2025-10-01,09:30:16.000,296.92,375.0,296.4,297.45,300.0
2025-10-01,09:30:17.000,297.3,225.0,296.7,297.9,150.0
2025-10-01,09:30:18.000,297.3,225.0,296.7,297.9,150.0
2025-10-01,09:30:19.000,296.45,225.0,295.9,297.0,300.0
2025-10-01,09:30:20.000,297.12,150.0,296.6,297.65,375.0
2025-10-01,09:30:21.000,297.12,150.0,296.6,297.65,375.0
2025-10-01,09:30:22.000,296.33,525.0,295.8,296.85,300.0
2025-10-01,09:30:23.000,296.33,525.0,295.8,296.85,300.0
2025-10-01,09:30:24.000,295.98,150.0,295.5,296.45,150.0
2025-10-01,09:30:25.000,296.2,225.0,295.7,296.7,225.0
2025-10-01,09:30:26.000,296.2,225.0,295.7,296.7,225.0
2025-10-01,09:30:27.000,295.65,300.0,295.15,296.15,150.0
2025-10-01,09:30:28.000,295.65,300.0,295.15,296.15,150.0
2025-10-01,09:30:29.000,294.9,300.0,294.45,295.35,150.0
2025-10-01,09:30:30.000,295.92,150.0,295.45,296.4,150.0
2025-10-01,09:30:31.000,295.92,150.0,295.45,296.4,150.0
2025-10-01,09:30:32.000,295.88,225.0,295.45,296.3,150.0
2025-10-01,09:30:33.000,295.88,225.0,295.45,296.3,150.0
2025-10-01,09:30:34.000,296.0,225.0,295.6,296.4,75.0
2025-10-01,09:30:35.000,296.52,225.0,296.05,297.0,450.0
2025-10-01,09:30:36.000,296.52,225.0,296.05,297.0,450.0
2025-10-01,09:30:37.000,296.6,225.0,296.2,297.0,75.0
2025-10-01,09:30:38.000,296.6,225.0,296.2,297.0,75.0
2025-10-01,09:30:39.000,296.8,225.0,296.35,297.25,375.0
2025-10-01,09:30:40.000,297.7,150.0,297.25,298.15,75.0
2025-10-01,09:30:41.000,297.7,150.0,297.25,298.15,75.0
2025-10-01,09:30:42.000,298.68,150.0,298.25,299.1,75.0
2025-10-01,09:30:43.000,298.68,150.0,298.25,299.1,75.0
2025-10-01,09:30:44.000,298.02,225.0,297.55,298.5,150.0
2025-10-01,09:30:45.000,298.7,150.0,298.15,299.25,150.0
2025-10-01,09:30:46.000,298.7,150.0,298.15,299.25,150.0
2025-10-01,09:30:47.000,299.05,450.0,298.6,299.5,225.0
2025-10-01,09:30:48.000,299.05,450.0,298.6,299.5,225.0
2025-10-01,09:30:49.000,299.92,300.0,299.4,300.45,375.0
2025-10-01,09:30:50.000,299.5,150.0,299.05,299.95,375.0
2025-10-01,09:30:51.000,299.5,150.0,299.05,299.95,375.0
2025-10-01,09:30:52.000,298.98,225.0,298.5,299.45,225.0
2025-10-01,09:30:53.000,298.98,225.0,298.5,299.45,225.0
2025-10-01,09:30:54.000,299.15,450.0,298.65,299.65,150.0
2025-10-01,09:30:55.000,299.7,225.0,299.15,300.25,75.0
2025-10-01,09:30:56.000,299.7,225.0,299.15,300.25,75.0
2025-10-01,09:30:57.000,298.92,375.0,298.45,299.4,75.0
2025-10-01,09:30:58.000,298.92,375.0,298.45,299.4,75.0
2025-10-01,09:30:59.000,298.92,375.0,298.45,299.4,300.0
2025-10-01,09:31:00.000,298.92,225.0,298.45,299.4,300.0
2025-10-01,09:31:01.000,298.92,225.0,298.45,299.4,300.0
2025-10-01,09:31:02.000,299.12,525.0,298.6,299.65,75.0
2025-10-01,09:31:03.000,299.12,525.0,298.6,299.65,75.0
2025-10-01,09:31:04.000,299.55,450.0,299.05,300.05,300.0
2025-10-01,09:31:05.000,299.92,225.0,299.5,300.35,75.0
2025-10-01,09:31:06.000,299.92,225.0,299.5,300.35,75.0
2025-10-01,09:31:07.000,299.32,75.0,298.95,299.7,75.0
2025-10-01,09:31:08.000,299.32,75.0,298.95,299.7,75.0
2025-10-01,09:31:09.000,299.25,75.0,298.95,299.55,300.0
2025-10-01,09:31:10.000,298.42,300.0,298.05,298.8,75.0
2025-10-01,09:31:11.000,298.42,300.0,298.05,298.8,75.0
2025-10-01,09:31:12.000,298.15,225.0,297.7,298.6,375.0
2025-10-01,09:31:13.000,298.15,225.0,297.7,298.6,375.0
2025-10-01,09:31:14.000,299.38,225.0,298.85,299.9,225.0
2025-10-01,09:31:15.000,299.5,300.0,299.0,300.0,225.0
2025-10-01,09:31:16.000,299.5,300.0,299.0,300.0,225.0
2025-10-01,09:31:17.000,298.75,300.0,298.25,299.25,675.0
2025-10-01,09:31:18.000,298.75,300.0,298.25,299.25,675.0
2025-10-01,09:31:19.000,299.08,150.0,298.65,299.5,75.0
2025-10-01,09:31:20.000,299.23,225.0,298.6,299.85,450.0
2025-10-01,09:31:21.000,299.23,225.0,298.6,299.85,450.0
2025-10-01,09:31:22.000,299.05,150.0,298.5,299.6,300.0
2025-10-01,09:31:23.000,299.05,150.0,298.5,299.6,300.0
2025-10-01,09:31:24.000,298.98,225.0,298.5,299.45,75.0
2025-10-01,09:31:25.000,298.98,225.0,298.5,299.45,75.0
2025-10-01,09:31:26.000,298.98,225.0,298.5,299.45,75.0
2025-10-01,09:31:27.000,298.7,225.0,298.25,299.15,375.0
2025-10-01,09:31:28.000,298.7,225.0,298.25,299.15,375.0
2025-10-01,09:31:29.000,297.9,375.0,297.45,298.35,300.0
2025-10-01,09:31:30.000,297.88,225.0,297.35,298.4,300.0
2025-10-01,09:31:31.000,297.88,225.0,297.35,298.4,300.0
2025-10-01,09:31:32.000,297.85,225.0,297.3,298.4,375.0
2025-10-01,09:31:33.000,297.85,225.0,297.3,298.4,375.0
2025-10-01,09:31:34.000,298.7,225.0,297.95,299.45,75.0
2025-10-01,09:31:35.000,297.83,225.0,297.3,298.35,375.0
2025-10-01,09:31:36.000,297.83,225.0,297.3,298.35,375.0
2025-10-01,09:31:37.000,298.7,225.0,298.05,299.35,600.0
2025-10-01,09:31:38.000,298.7,225.0,298.05,299.35,600.0
2025-10-01,09:31:39.000,298.95,225.0,298.4,299.5,450.0
2025-10-01,09:31:40.000,298.92,225.0,298.3,299.55,525.0
2025-10-01,09:31:41.000,298.92,225.0,298.3,299.55,525.0
2025-10-01,09:31:42.000,299.82,75.0,299.2,300.45,300.0
2025-10-01,09:31:43.000,299.82,75.0,299.2,300.45,300.0
2025-10-01,09:31:44.000,299.45,225.0,298.9,300.0,150.0
2025-10-01,09:31:45.000,299.38,225.0,298.8,299.95,525.0
2025-10-01,09:31:46.000,299.38,225.0,298.8,299.95,525.0
2025-10-01,09:31:47.000,298.17,225.0,297.45,298.9,75.0
2025-10-01,09:31:48.000,298.17,225.0,297.45,298.9,75.0
2025-10-01,09:31:49.000,298.27,225.0,297.75,298.8,75.0
2025-10-01,09:31:50.000,298.52,450.0,298.0,299.05,525.0
2025-10-01,09:31:51.000,298.52,450.0,298.0,299.05,525.0
2025-10-01,09:31:52.000,298.58,300.0,298.0,299.15,300.0
2025-10-01,09:31:53.000,298.58,300.0,298.0,299.15,300.0
2025-10-01,09:31:54.000,298.58,675.0,298.05,299.1,525.0
2025-10-01,09:31:55.000,298.35,300.0,297.8,298.9,300.0
2025-10-01,09:31:56.000,298.35,300.0,297.8,298.9,300.0
2025-10-01,09:31:57.000,297.12,750.0,296.6,297.65,300.0
2025-10-01,09:31:58.000,297.12,750.0,296.6,297.65,300.0
2025-10-01,09:31:59.000,295.9,150.0,295.4,296.4,225.0
2025-10-01,09:32:00.000,296.15,150.0,295.7,296.6,75.0
2025-10-01,09:32:01.000,296.15,150.0,295.7,296.6,75.0
2025-10-01,09:32:02.000,296.2,225.0,295.75,296.65,75.0
2025-10-01,09:32:03.000,296.2,225.0,295.75,296.65,75.0
2025-10-01,09:32:04.000,297.42,225.0,297.05,297.8,300.0
2025-10-01,09:32:05.000,297.25,225.0,296.85,297.65,375.0
2025-10-01,09:32:06.000,297.25,225.0,296.85,297.65,375.0
2025-10-01,09:32:07.000,297.18,225.0,296.75,297.6,525.0
2025-10-01,09:32:08.000,297.05,225.0,296.65,297.45,525.0
2025-10-01,09:32:09.000,297.05,225.0,296.65,297.45,525.0
2025-10-01,09:32:10.000,296.23,375.0,295.9,296.55,75.0
2025-10-01,09:32:11.000,296.23,375.0,295.9,296.55,75.0
2025-10-01,09:32:12.000,296.95,300.0,296.5,297.4,300.0
2025-10-01,09:32:13.000,296.7,225.0,296.25,297.15,75.0
2025-10-01,09:32:14.000,296.7,225.0,296.25,297.15,75.0
2025-10-01,09:32:15.000,296.6,225.0,296.05,297.15,375.0
2025-10-01,09:32:16.000,296.6,225.0,296.05,297.15,375.0
2025-10-01,09:32:17.000,295.85,300.0,295.4,296.3,225.0
2025-10-01,09:32:18.000,296.4,225.0,296.05,296.75,75.0
2025-10-01,09:32:19.000,296.4,225.0,296.05,296.75,75.0
2025-10-01,09:32:20.000,296.38,150.0,296.0,296.75,225.0
2025-10-01,09:32:21.000,296.38,150.0,296.0,296.75,225.0
2025-10-01,09:32:22.000,296.65,300.0,296.15,297.15,300.0
2025-10-01,09:32:23.000,296.5,300.0,296.05,296.95,300.0
2025-10-01,09:32:24.000,296.5,300.0,296.05,296.95,300.0
2025-10-01,09:32:25.000,296.17,225.0,295.7,296.65,375.0
2025-10-01,09:32:26.000,296.17,225.0,295.7,296.65,375.0
2025-10-01,09:32:27.000,296.0,300.0,295.6,296.4,150.0
2025-10-01,09:32:28.000,296.48,225.0,296.05,296.9,825.0
2025-10-01,09:32:29.000,296.48,225.0,296.05,296.9,825.0
2025-10-01,09:32:30.000,296.12,225.0,295.7,296.55,300.0
2025-10-01,09:32:31.000,296.12,225.0,295.7,296.55,300.0
2025-10-01,09:32:32.000,295.75,225.0,295.35,296.15,75.0
2025-10-01,09:32:33.000,296.7,150.0,296.25,297.15,375.0
2025-10-01,09:32:34.000,296.7,150.0,296.25,297.15,375.0
2025-10-01,09:32:35.000,296.95,225.0,296.5,297.4,600.0
2025-10-01,09:32:36.000,296.0,225.0,295.45,296.55,150.0
2025-10-01,09:32:37.000,296.0,225.0,295.45,296.55,150.0
2025-10-01,09:32:38.000,295.75,225.0,295.35,296.15,150.0
2025-10-01,09:32:39.000,295.75,225.0,295.35,296.15,150.0
2025-10-01,09:32:40.000,295.52,225.0,295.1,295.95,75.0
2025-10-01,09:32:41.000,296.18,300.0,295.75,296.6,225.0
2025-10-01,09:32:42.000,296.18,300.0,295.75,296.6,225.0
2025-10-01,09:32:43.000,296.1,300.0,295.7,296.5,150.0
2025-10-01,09:32:44.000,296.1,300.0,295.7,296.5,150.0
2025-10-01,09:32:45.000,295.88,450.0,295.45,296.3,150.0
2025-10-01,09:32:46.000,296.52,525.0,296.35,296.7,75.0
2025-10-01,09:32:47.000,296.52,525.0,296.35,296.7,75.0
2025-10-01,09:32:48.000,296.05,300.0,295.65,296.45,225.0
2025-10-01,09:32:49.000,296.05,300.0,295.65,296.45,225.0
2025-10-01,09:32:50.000,296.35,225.0,296.0,296.7,150.0
2025-10-01,09:32:51.000,295.68,300.0,295.25,296.1,300.0
2025-10-01,09:32:52.000,295.68,300.0,295.25,296.1,300.0
2025-10-01,09:32:53.000,294.92,300.0,294.6,295.25,75.0
2025-10-01,09:32:54.000,294.92,300.0,294.6,295.25,75.0
2025-10-01,09:32:55.000,294.52,300.0,294.15,294.9,150.0
2025-10-01,09:32:56.000,295.32,150.0,295.2,295.45,75.0
2025-10-01,09:32:57.000,295.32,150.0,295.2,295.45,75.0
2025-10-01,09:32:58.000,295.68,225.0,295.25,296.1,300.0
2025-10-01,09:32:59.000,295.68,225.0,295.25,296.1,300.0
2025-10-01,09:33:00.000,296.92,225.0,296.4,297.45,225.0
2025-10-01,09:33:01.000,297.15,300.0,296.7,297.6,150.0
2025-10-01,09:33:02.000,297.15,300.0,296.7,297.6,150.0
2025-10-01,09:33:03.000,297.68,150.0,297.25,298.1,225.0
2025-10-01,09:33:04.000,297.68,150.0,297.25,298.1,225.0
2025-10-01,09:33:05.000,297.62,300.0,297.25,298.0,75.0
2025-10-01,09:33:06.000,297.5,525.0,297.05,297.95,150.0
2025-10-01,09:33:07.000,297.5,525.0,297.05,297.95,150.0
2025-10-01,09:33:08.000,297.6,75.0,297.15,298.05,150.0
2025-10-01,09:33:09.000,298.45,150.0,298.05,298.85,150.0
2025-10-01,09:33:10.000,298.45,150.0,298.05,298.85,150.0
2025-10-01,09:33:11.000,299.1,225.0,298.7,299.5,150.0
2025-10-01,09:33:12.000,299.1,225.0,298.7,299.5,150.0
2025-10-01,09:33:13.000,297.65,225.0,297.15,298.15,225.0
2025-10-01,09:33:14.000,298.33,150.0,297.85,298.8,225.0
2025-10-01,09:33:15.000,298.33,150.0,297.85,298.8,225.0
2025-10-01,09:33:16.000,298.4,150.0,298.0,298.8,225.0
2025-10-01,09:33:17.000,298.4,150.0,298.0,298.8,225.0
2025-10-01,09:33:18.000,298.5,150.0,298.05,298.95,75.0
2025-10-01,09:33:19.000,298.45,525.0,298.0,298.9,75.0
2025-10-01,09:33:20.000,298.45,525.0,298.0,298.9,75.0
2025-10-01,09:33:21.000,299.05,300.0,298.55,299.55,75.0
2025-10-01,09:33:22.000,299.05,300.0,298.55,299.55,75.0
2025-10-01,09:33:23.000,299.02,300.0,298.6,299.45,75.0
2025-10-01,09:33:24.000,299.05,150.0,298.6,299.5,75.0
2025-10-01,09:33:25.000,299.05,150.0,298.6,299.5,75.0
2025-10-01,09:33:26.000,299.32,525.0,298.9,299.75,75.0
2025-10-01,09:33:27.000,299.32,525.0,298.9,299.75,75.0
2025-10-01,09:33:28.000,300.05,525.0,299.55,300.55,225.0
2025-10-01,09:33:29.000,300.3,300.0,299.85,300.75,75.0
2025-10-01,09:33:30.000,300.3,300.0,299.85,300.75,75.0
2025-10-01,09:33:31.000,300.45,525.0,300.0,300.9,150.0
2025-10-01,09:33:32.000,300.45,525.0,300.0,300.9,150.0
2025-10-01,09:33:33.000,299.9,300.0,299.4,300.4,150.0
2025-10-01,09:33:34.000,299.5,300.0,299.0,300.0,75.0
2025-10-01,09:33:35.000,299.5,300.0,299.0,300.0,75.0
2025-10-01,09:33:36.000,299.4,450.0,299.0,299.8,75.0
2025-10-01,09:33:37.000,299.75,300.0,299.25,300.25,150.0
2025-10-01,09:33:38.000,299.75,300.0,299.25,300.25,150.0
2025-10-01,09:33:39.000,299.18,300.0,298.5,299.85,75.0
2025-10-01,09:33:40.000,299.18,300.0,298.5,299.85,75.0
2025-10-01,09:33:41.000,298.8,300.0,298.35,299.25,300.0
2025-10-01,09:33:42.000,298.8,300.0,298.35,299.25,75.0
2025-10-01,09:33:43.000,298.8,300.0,298.35,299.25,75.0
2025-10-01,09:33:44.000,299.4,300.0,298.85,299.95,300.0
2025-10-01,09:33:45.000,299.4,300.0,298.85,299.95,300.0
2025-10-01,09:33:46.000,299.55,300.0,299.05,300.05,300.0
2025-10-01,09:33:47.000,298.7,300.0,298.2,299.2,300.0
2025-10-01,09:33:48.000,298.7,300.0,298.2,299.2,300.0
2025-10-01,09:33:49.000,298.75,300.0,298.3,299.2,75.0
2025-10-01,09:33:50.000,298.75,300.0,298.3,299.2,75.0
2025-10-01,09:33:51.000,299.42,225.0,299.0,299.85,300.0
2025-10-01,09:33:52.000,299.1,300.0,298.55,299.65,375.0
2025-10-01,09:33:53.000,299.1,300.0,298.55,299.65,375.0
2025-10-01,09:33:54.000,299.33,450.0,298.85,299.8,300.0
2025-10-01,09:33:55.000,299.33,450.0,298.85,299.8,300.0
2025-10-01,09:33:56.000,299.62,525.0,299.1,300.15,300.0
2025-10-01,09:33:57.000,299.62,450.0,299.1,300.15,300.0
2025-10-01,09:33:58.000,299.62,450.0,299.1,300.15,300.0
2025-10-01,09:33:59.000,299.6,225.0,299.1,300.1,300.0
2025-10-01,09:34:00.000,299.6,225.0,299.1,300.1,300.0
2025-10-01,09:34:01.000,300.0,225.0,299.5,300.5,300.0
2025-10-01,09:34:02.000,299.92,225.0,299.45,300.4,75.0
2025-10-01,09:34:03.000,299.92,225.0,299.45,300.4,75.0
2025-10-01,09:34:04.000,300.2,675.0,299.75,300.65,525.0
2025-10-01,09:34:05.000,300.2,675.0,299.75,300.65,525.0
2025-10-01,09:34:06.000,300.05,525.0,299.55,300.55,300.0
2025-10-01,09:34:07.000,300.05,450.0,299.6,300.5,300.0
2025-10-01,09:34:08.000,300.05,450.0,299.6,300.5,300.0
2025-10-01,09:34:09.000,300.05,450.0,299.6,300.5,375.0
2025-10-01,09:34:10.000,300.05,450.0,299.6,300.5,375.0
2025-10-01,09:34:11.000,300.4,150.0,300.0,300.8,375.0
2025-10-01,09:34:12.000,300.5,150.0,300.0,301.0,300.0
2025-10-01,09:34:13.000,300.5,150.0,300.0,301.0,300.0
2025-10-01,09:34:14.000,300.8,150.0,300.5,301.1,525.0
2025-10-01,09:34:15.000,300.8,150.0,300.5,301.1,525.0
2025-10-01,09:34:16.000,300.77,300.0,300.35,301.2,75.0
2025-10-01,09:34:17.000,301.0,375.0,300.55,301.45,375.0
2025-10-01,09:34:18.000,301.0,375.0,300.55,301.45,375.0
2025-10-01,09:34:19.000,300.7,525.0,300.35,301.05,75.0
2025-10-01,09:34:20.000,300.7,525.0,300.35,301.05,75.0
2025-10-01,09:34:21.000,301.5,300.0,301.0,302.0,225.0
2025-10-01,09:34:22.000,302.75,450.0,302.15,303.35,375.0
2025-10-01,09:34:23.000,302.75,450.0,302.15,303.35,375.0
2025-10-01,09:34:24.000,301.9,225.0,301.35,302.45,150.0
2025-10-01,09:34:25.000,301.9,225.0,301.35,302.45,150.0
2025-10-01,09:34:26.000,301.9,300.0,301.45,302.35,150.0
2025-10-01,09:34:27.000,301.32,150.0,301.0,301.65,75.0
2025-10-01,09:34:28.000,301.32,150.0,301.0,301.65,75.0
2025-10-01,09:34:29.000,301.35,150.0,301.0,301.7,75.0
2025-10-01,09:34:30.000,301.35,150.0,301.0,301.7,75.0
2025-10-01,09:34:31.000,300.6,300.0,300.35,300.85,375.0
2025-10-01,09:34:32.000,300.52,300.0,300.1,300.95,300.0
2025-10-01,09:34:33.000,300.52,300.0,300.1,300.95,300.0
2025-10-01,09:34:34.000,301.27,225.0,300.85,301.7,375.0
2025-10-01,09:34:35.000,301.27,225.0,300.85,301.7,375.0
2025-10-01,09:34:36.000,301.6,300.0,301.15,302.05,300.0
2025-10-01,09:34:37.000,301.55,300.0,301.15,301.95,75.0
2025-10-01,09:34:38.000,301.55,300.0,301.15,301.95,75.0
2025-10-01,09:34:39.000,301.4,150.0,301.0,301.8,300.0
2025-10-01,09:34:40.000,301.4,150.0,301.0,301.8,300.0
2025-10-01,09:34:41.000,301.6,375.0,301.15,302.05,300.0
2025-10-01,09:34:42.000,301.58,225.0,301.1,302.05,300.0
2025-10-01,09:34:43.000,301.58,225.0,301.1,302.05,300.0
2025-10-01,09:34:44.000,301.18,675.0,300.6,301.75,375.0
2025-10-01,09:34:45.000,300.92,300.0,300.45,301.4,225.0
2025-10-01,09:34:46.000,300.92,300.0,300.45,301.4,225.0
2025-10-01,09:34:47.000,300.4,375.0,300.0,300.8,375.0
2025-10-01,09:34:48.000,300.4,375.0,300.0,300.8,375.0
2025-10-01,09:34:49.000,300.52,600.0,300.0,301.05,450.0
2025-10-01,09:34:50.000,300.62,300.0,300.2,301.05,150.0
2025-10-01,09:34:51.000,300.62,300.0,300.2,301.05,150.0
2025-10-01,09:34:52.000,300.62,300.0,300.25,301.0,75.0
2025-10-01,09:34:53.000,300.62,300.0,300.25,301.0,75.0
2025-10-01,09:34:54.000,300.38,75.0,300.2,300.55,75.0
2025-10-01,09:34:55.000,300.42,300.0,300.25,300.6,75.0
2025-10-01,09:34:56.000,300.42,300.0,300.25,300.6,75.0
2025-10-01,09:34:57.000,300.73,375.0,300.2,301.25,300.0
2025-10-01,09:34:58.000,300.73,375.0,300.2,301.25,300.0
2025-10-01,09:34:59.000,300.68,300.0,300.25,301.1,300.0
2025-10-01,09:35:00.000,300.82,450.0,300.25,301.4,300.0
2025-10-01,09:35:01.000,300.82,450.0,300.25,301.4,300.0
2025-10-01,09:35:02.000,301.6,150.0,301.0,302.2,300.0
2025-10-01,09:35:03.000,301.6,150.0,301.0,302.2,300.0
2025-10-01,09:35:04.000,302.52,150.0,302.0,303.05,300.0
2025-10-01,09:35:05.000,302.55,300.0,302.0,303.1,525.0
2025-10-01,09:35:06.000,302.55,300.0,302.0,303.1,525.0
2025-10-01,09:35:07.000,302.8,150.0,302.2,303.4,300.0
2025-10-01,09:35:08.000,302.8,150.0,302.2,303.4,300.0
2025-10-01,09:35:09.000,302.52,375.0,302.05,303.0,300.0
2025-10-01,09:35:10.000,301.9,525.0,301.35,302.45,375.0
2025-10-01,09:35:11.000,301.9,525.0,301.35,302.45,375.0
2025-10-01,09:35:12.000,301.62,150.0,301.2,302.05,375.0
2025-10-01,09:35:13.000,301.62,150.0,301.2,302.05,375.0
2025-10-01,09:35:14.000,301.58,525.0,301.1,302.05,75.0
2025-10-01,09:35:15.000,301.75,225.0,301.3,302.2,75.0
2025-10-01,09:35:16.000,301.75,225.0,301.3,302.2,75.0
2025-10-01,09:35:17.000,301.92,750.0,301.45,302.4,75.0
2025-10-01,09:35:18.000,301.5,450.0,301.0,302.0,225.0
2025-10-01,09:35:19.000,301.5,450.0,301.0,302.0,225.0
2025-10-01,09:35:20.000,301.0,300.0,300.45,301.55,300.0
2025-10-01,09:35:21.000,301.0,300.0,300.45,301.55,300.0
2025-10-01,09:35:22.000,301.4,150.0,301.0,301.8,375.0
2025-10-01,09:35:23.000,301.5,300.0,301.05,301.95,375.0
2025-10-01,09:35:24.000,301.5,300.0,301.05,301.95,375.0
2025-10-01,09:35:25.000,301.38,450.0,301.0,301.75,75.0
2025-10-01,09:35:26.000,301.38,450.0,301.0,301.75,75.0
2025-10-01,09:35:27.000,301.58,300.0,301.1,302.05,675.0
2025-10-01,09:35:28.000,301.58,300.0,301.1,302.05,675.0
2025-10-01,09:35:29.000,301.98,300.0,301.45,302.5,225.0
2025-10-01,09:35:30.000,301.67,225.0,301.2,302.15,300.0
2025-10-01,09:35:31.000,301.67,225.0,301.2,302.15,300.0
2025-10-01,09:35:32.000,301.55,300.0,301.1,302.0,300.0
2025-10-01,09:35:33.000,301.6,600.0,301.1,302.1,300.0
2025-10-01,09:35:34.000,301.6,600.0,301.1,302.1,300.0
2025-10-01,09:35:35.000,301.65,600.0,301.15,302.15,375.0
2025-10-01,09:35:36.000,301.65,600.0,301.15,302.15,375.0
2025-10-01,09:35:37.000,301.38,150.0,301.0,301.75,375.0
2025-10-01,09:35:38.000,301.42,150.0,301.0,301.85,300.0
2025-10-01,09:35:39.000,301.42,150.0,301.0,301.85,300.0
2025-10-01,09:35:40.000,301.2,300.0,300.75,301.65,375.0
2025-10-01,09:35:41.000,301.2,300.0,300.75,301.65,375.0
2025-10-01,09:35:42.000,300.98,1125.0,300.7,301.25,375.0
2025-10-01,09:35:43.000,300.95,1125.0,300.7,301.2,150.0
2025-10-01,09:35:44.000,300.95,1125.0,300.7,301.2,150.0
2025-10-01,09:35:45.000,301.27,450.0,300.85,301.7,375.0
2025-10-01,09:35:46.000,301.27,450.0,300.85,301.7,375.0
2025-10-01,09:35:47.000,301.4,375.0,301.0,301.8,300.0
2025-10-01,09:35:48.000,301.0,1125.0,300.7,301.3,300.0
2025-10-01,09:35:49.000,301.0,1125.0,300.7,301.3,300.0
2025-10-01,09:35:50.000,301.08,1125.0,300.7,301.45,75.0
2025-10-01,09:35:51.000,300.0,300.0,299.55,300.45,375.0
2025-10-01,09:35:52.000,300.0,300.0,299.55,300.45,375.0
2025-10-01,09:35:53.000,299.4,1125.0,299.0,299.8,300.0
2025-10-01,09:35:54.000,299.4,1125.0,299.0,299.8,300.0
2025-10-01,09:35:55.000,299.3,1125.0,299.0,299.6,75.0
2025-10-01,09:35:56.000,299.27,1125.0,299.0,299.55,375.0
2025-10-01,09:35:57.000,299.27,1125.0,299.0,299.55,375.0
2025-10-01,09:35:58.000,298.82,150.0,298.4,299.25,300.0
2025-10-01,09:35:59.000,298.82,150.0,298.4,299.25,300.0
2025-10-01,09:36:00.000,299.12,225.0,298.7,299.55,375.0
2025-10-01,09:36:01.000,298.85,300.0,298.45,299.25,225.0
2025-10-01,09:36:02.000,298.85,300.0,298.45,299.25,225.0
2025-10-01,09:36:03.000,299.88,900.0,299.45,300.3,300.0
2025-10-01,09:36:04.000,299.88,900.0,299.45,300.3,300.0
2025-10-01,09:36:05.000,300.1,300.0,299.65,300.55,450.0
2025-10-01,09:36:06.000,300.52,300.0,300.1,300.95,225.0
2025-10-01,09:36:07.000,300.52,300.0,300.1,300.95,225.0
2025-10-01,09:36:08.000,300.73,300.0,300.4,301.05,75.0
2025-10-01,09:36:09.000,300.73,300.0,300.4,301.05,75.0
2025-10-01,09:36:10.000,300.77,300.0,300.4,301.15,75.0
2025-10-01,09:36:11.000,301.95,300.0,301.45,302.45,375.0
2025-10-01,09:36:12.000,301.95,300.0,301.45,302.45,375.0
2025-10-01,09:36:13.000,302.68,300.0,302.35,303.0,75.0
2025-10-01,09:36:14.000,302.58,300.0,302.15,303.0,225.0
2025-10-01,09:36:15.000,302.58,300.0,302.15,303.0,225.0
2025-10-01,09:36:16.000,302.18,300.0,301.75,302.6,300.0
2025-10-01,09:36:17.000,302.18,300.0,301.75,302.6,300.0
2025-10-01,09:36:18.000,302.55,300.0,302.1,303.0,375.0
2025-10-01,09:36:19.000,302.1,300.0,301.7,302.5,300.0
2025-10-01,09:36:20.000,302.1,300.0,301.7,302.5,300.0
2025-10-01,09:36:21.000,302.65,300.0,302.3,303.0,75.0
2025-10-01,09:36:22.000,302.65,300.0,302.3,303.0,75.0
2025-10-01,09:36:23.000,302.65,300.0,302.3,303.0,75.0
2025-10-01,09:36:24.000,301.98,300.0,301.55,302.4,75.0
2025-10-01,09:36:25.000,301.98,300.0,301.55,302.4,75.0
2025-10-01,09:36:26.000,302.52,750.0,302.05,303.0,375.0
2025-10-01,09:36:27.000,302.52,750.0,302.05,303.0,375.0
2025-10-01,09:36:28.000,302.55,525.0,302.15,302.95,75.0
2025-10-01,09:36:29.000,302.17,375.0,301.7,302.65,300.0
2025-10-01,09:36:30.000,302.17,375.0,301.7,302.65,300.0
2025-10-01,09:36:31.000,302.4,150.0,302.0,302.8,450.0
2025-10-01,09:36:32.000,302.4,150.0,302.0,302.8,450.0
2025-10-01,09:36:33.000,302.6,300.0,302.2,303.0,75.0
2025-10-01,09:36:34.000,303.02,300.0,302.5,303.55,300.0
2025-10-01,09:36:35.000,303.02,300.0,302.5,303.55,300.0
2025-10-01,09:36:36.000,302.55,525.0,302.0,303.1,375.0
2025-10-01,09:36:37.000,302.7,300.0,302.15,303.25,1200.0
2025-10-01,09:36:38.000,302.7,300.0,302.15,303.25,1200.0
2025-10-01,09:36:39.000,302.52,675.0,302.0,303.05,300.0
2025-10-01,09:36:40.000,302.52,675.0,302.0,303.05,300.0
2025-10-01,09:36:41.000,303.38,300.0,302.85,303.9,375.0
2025-10-01,09:36:42.000,303.42,225.0,303.0,303.85,75.0
2025-10-01,09:36:43.000,303.42,225.0,303.0,303.85,75.0
2025-10-01,09:36:44.000,303.62,300.0,303.05,304.2,375.0
2025-10-01,09:36:45.000,303.62,300.0,303.05,304.2,375.0
2025-10-01,09:36:46.000,303.48,300.0,303.0,303.95,750.0
2025-10-01,09:36:47.000,303.1,1050.0,302.6,303.6,75.0
2025-10-01,09:36:48.000,303.1,1050.0,302.6,303.6,75.0
2025-10-01,09:36:49.000,303.55,450.0,303.05,304.05,300.0
2025-10-01,09:36:50.000,303.55,450.0,303.05,304.05,300.0
2025-10-01,09:36:51.000,303.38,150.0,303.0,303.75,75.0
2025-10-01,09:36:52.000,302.85,375.0,302.4,303.3,75.0
2025-10-01,09:36:53.000,302.85,375.0,302.4,303.3,75.0
2025-10-01,09:36:54.000,302.73,300.0,302.3,303.15,375.0
2025-10-01,09:36:55.000,302.73,300.0,302.3,303.15,375.0
2025-10-01,09:36:56.000,302.85,300.0,302.45,303.25,75.0
2025-10-01,09:36:57.000,303.05,450.0,302.55,303.55,450.0
2025-10-01,09:36:58.000,303.05,450.0,302.55,303.55,450.0
2025-10-01,09:36:59.000,302.83,675.0,302.35,303.3,300.0
2025-10-01,09:37:00.000,302.83,675.0,302.35,303.3,300.0
2025-10-01,09:37:01.000,302.4,300.0,302.0,302.8,300.0
2025-10-01,09:37:02.000,302.38,450.0,302.0,302.75,75.0
2025-10-01,09:37:03.000,302.38,450.0,302.0,302.75,75.0
2025-10-01,09:37:04.000,302.05,300.0,301.7,302.4,75.0
2025-10-01,09:37:05.000,302.05,300.0,301.7,302.4,75.0
2025-10-01,09:37:06.000,303.05,300.0,302.6,303.5,300.0
2025-10-01,09:37:07.000,303.58,525.0,303.1,304.05,300.0
2025-10-01,09:37:08.000,303.58,525.0,303.1,304.05,300.0
2025-10-01,09:37:09.000,303.65,525.0,303.2,304.1,300.0
2025-10-01,09:37:10.000,303.65,525.0,303.2,304.1,300.0
2025-10-01,09:37:11.000,303.4,225.0,303.0,303.8,300.0
2025-10-01,09:37:12.000,303.23,600.0,302.8,303.65,75.0
2025-10-01,09:37:13.000,303.23,600.0,302.8,303.65,75.0
2025-10-01,09:37:14.000,303.45,525.0,303.0,303.9,300.0
2025-10-01,09:37:15.000,303.45,525.0,303.0,303.9,300.0
2025-10-01,09:37:16.000,302.42,525.0,302.0,302.85,300.0
2025-10-01,09:37:17.000,302.55,750.0,302.2,302.9,75.0
2025-10-01,09:37:18.000,302.55,750.0,302.2,302.9,75.0
2025-10-01,09:37:19.000,302.5,300.0,302.05,302.95,300.0
2025-10-01,09:37:20.000,302.5,300.0,302.05,302.95,300.0
2025-10-01,09:37:21.000,302.83,300.0,302.35,303.3,300.0
2025-10-01,09:37:22.000,302.9,675.0,302.45,303.35,600.0
2025-10-01,09:37:23.000,302.9,675.0,302.45,303.35,600.0
2025-10-01,09:37:24.000,303.02,300.0,302.7,303.35,75.0
2025-10-01,09:37:25.000,303.02,300.0,302.7,303.35,75.0
2025-10-01,09:37:26.000,303.48,150.0,303.05,303.9,300.0
2025-10-01,09:37:27.000,303.25,150.0,303.0,303.5,75.0
2025-10-01,09:37:28.000,303.25,150.0,303.0,303.5,75.0
2025-10-01,09:37:29.000,303.27,150.0,303.0,303.55,75.0
2025-10-01,09:37:30.000,303.27,150.0,303.0,303.55,75.0
2025-10-01,09:37:31.000,303.3,225.0,303.0,303.6,75.0
2025-10-01,09:37:32.000,303.32,150.0,303.0,303.65,225.0
2025-10-01,09:37:33.000,303.32,150.0,303.0,303.65,225.0
2025-10-01,09:37:34.000,303.15,525.0,302.7,303.6,525.0
2025-10-01,09:37:35.000,303.15,525.0,302.7,303.6,525.0
2025-10-01,09:37:36.000,302.92,300.0,302.55,303.3,75.0
2025-10-01,09:37:37.000,302.92,300.0,302.55,303.3,75.0
2025-10-01,09:37:38.000,302.92,300.0,302.45,303.4,300.0
2025-10-01,09:37:39.000,302.92,300.0,302.55,303.3,75.0
2025-10-01,09:37:40.000,302.92,300.0,302.55,303.3,75.0
2025-10-01,09:37:41.000,302.62,300.0,302.3,302.95,75.0
2025-10-01,09:37:42.000,302.62,300.0,302.3,302.95,75.0
2025-10-01,09:37:43.000,302.82,300.0,302.5,303.15,150.0
2025-10-01,09:37:44.000,303.1,300.0,302.65,303.55,225.0
2025-10-01,09:37:45.000,303.1,300.0,302.65,303.55,225.0
2025-10-01,09:37:46.000,303.38,225.0,303.0,303.75,75.0
2025-10-01,09:37:47.000,303.38,225.0,303.0,303.75,75.0
2025-10-01,09:37:48.000,303.1,300.0,302.7,303.5,75.0
2025-10-01,09:37:49.000,303.6,450.0,303.15,304.05,75.0
2025-10-01,09:37:50.000,303.6,450.0,303.15,304.05,75.0
2025-10-01,09:37:51.000,303.65,525.0,303.15,304.15,525.0
2025-10-01,09:37:52.000,303.65,525.0,303.15,304.15,525.0
2025-10-01,09:37:53.000,303.3,150.0,303.0,303.6,225.0
2025-10-01,09:37:54.000,303.02,1125.0,302.6,303.45,375.0
2025-10-01,09:37:55.000,303.02,1125.0,302.6,303.45,375.0
2025-10-01,09:37:56.000,303.18,150.0,303.0,303.35,75.0
2025-10-01,09:37:57.000,303.18,150.0,303.0,303.35,75.0
2025-10-01,09:37:58.000,302.85,375.0,302.6,303.1,75.0
2025-10-01,09:37:59.000,302.83,375.0,302.6,303.05,225.0
2025-10-01,09:38:00.000,302.83,375.0,302.6,303.05,225.0
2025-10-01,09:38:01.000,302.2,525.0,301.8,302.6,75.0
2025-10-01,09:38:02.000,302.2,525.0,301.8,302.6,75.0
2025-10-01,09:38:03.000,302.02,600.0,301.6,302.45,75.0
2025-10-01,09:38:04.000,301.45,225.0,301.05,301.85,150.0
2025-10-01,09:38:05.000,301.45,225.0,301.05,301.85,150.0
2025-10-01,09:38:06.000,300.98,600.0,300.45,301.5,75.0
2025-10-01,09:38:07.000,300.98,600.0,300.45,301.5,75.0
2025-10-01,09:38:08.000,301.45,300.0,301.0,301.9,75.0
2025-10-01,09:38:09.000,301.67,675.0,301.2,302.15,450.0
2025-10-01,09:38:10.000,301.67,675.0,301.2,302.15,450.0
2025-10-01,09:38:11.000,301.6,375.0,301.1,302.1,300.0
2025-10-01,09:38:12.000,300.92,375.0,300.5,301.35,75.0
2025-10-01,09:38:13.000,300.92,375.0,300.5,301.35,75.0
2025-10-01,09:38:14.000,300.82,450.0,300.4,301.25,75.0
2025-10-01,09:38:15.000,300.82,450.0,300.4,301.25,75.0
2025-10-01,09:38:16.000,301.18,300.0,300.75,301.6,75.0
2025-10-01,09:38:17.000,301.2,675.0,300.7,301.7,675.0
2025-10-01,09:38:18.000,301.2,675.0,300.7,301.7,675.0
2025-10-01,09:38:19.000,302.08,300.0,301.6,302.55,300.0
2025-10-01,09:38:20.000,302.08,300.0,301.6,302.55,300.0
2025-10-01,09:38:21.000,302.25,375.0,301.8,302.7,525.0
2025-10-01,09:38:22.000,302.2,300.0,301.7,302.7,450.0
2025-10-01,09:38:23.000,302.2,300.0,301.7,302.7,450.0
2025-10-01,09:38:24.000,301.98,300.0,301.45,302.5,225.0
2025-10-01,09:38:25.000,301.98,300.0,301.45,302.5,225.0
2025-10-01,09:38:26.000,300.98,300.0,300.55,301.4,75.0
2025-10-01,09:38:27.000,300.2,150.0,300.0,300.4,375.0
2025-10-01,09:38:28.000,300.2,150.0,300.0,300.4,375.0
2025-10-01,09:38:29.000,300.18,150.0,300.0,300.35,225.0
2025-10-01,09:38:30.000,300.18,150.0,300.0,300.35,225.0
2025-10-01,09:38:31.000,300.35,450.0,300.0,300.7,150.0
2025-10-01,09:38:32.000,300.92,300.0,300.45,301.4,150.0
2025-10-01,09:38:33.000,300.92,300.0,300.45,301.4,150.0
2025-10-01,09:38:34.000,300.85,300.0,300.45,301.25,75.0
2025-10-01,09:38:35.000,300.85,300.0,300.45,301.25,75.0
2025-10-01,09:38:36.000,301.4,225.0,301.0,301.8,75.0
2025-10-01,09:38:37.000,301.4,150.0,301.0,301.8,375.0
2025-10-01,09:38:38.000,301.4,150.0,301.0,301.8,375.0
2025-10-01,09:38:39.000,301.73,300.0,301.25,302.2,225.0
2025-10-01,09:38:40.000,301.73,300.0,301.25,302.2,225.0
2025-10-01,09:38:41.000,301.7,300.0,301.25,302.15,225.0
2025-10-01,09:38:42.000,301.12,300.0,300.7,301.55,75.0
2025-10-01,09:38:43.000,301.12,300.0,300.7,301.55,75.0
2025-10-01,09:38:44.000,301.58,150.0,301.1,302.05,150.0
2025-10-01,09:38:45.000,301.48,75.0,301.05,301.9,150.0
2025-10-01,09:38:46.000,301.48,75.0,301.05,301.9,150.0
2025-10-01,09:38:47.000,302.02,300.0,301.55,302.5,150.0
2025-10-01,09:38:48.000,302.02,300.0,301.55,302.5,150.0
2025-10-01,09:38:49.000,301.92,300.0,301.55,302.3,75.0
2025-10-01,09:38:50.000,301.92,300.0,301.6,302.25,150.0
2025-10-01,09:38:51.000,301.92,300.0,301.6,302.25,150.0
2025-10-01,09:38:52.000,302.17,300.0,301.7,302.65,525.0
2025-10-01,09:38:53.000,301.6,300.0,301.2,302.0,150.0
2025-10-01,09:38:54.000,301.6,300.0,301.2,302.0,150.0
2025-10-01,09:38:55.000,301.5,300.0,301.15,301.85,75.0
2025-10-01,09:38:56.000,301.5,300.0,301.15,301.85,75.0
2025-10-01,09:38:57.000,301.02,375.0,300.65,301.4,75.0
2025-10-01,09:38:58.000,300.75,300.0,300.4,301.1,150.0
2025-10-01,09:38:59.000,300.75,300.0,300.4,301.1,150.0
2025-10-01,09:39:00.000,301.38,300.0,301.0,301.75,225.0
2025-10-01,09:39:01.000,301.38,300.0,301.0,301.75,225.0
2025-10-01,09:39:02.000,301.32,150.0,301.0,301.65,450.0
2025-10-01,09:39:03.000,300.68,300.0,300.3,301.05,150.0
2025-10-01,09:39:04.000,300.68,300.0,300.3,301.05,150.0
2025-10-01,09:39:05.000,300.92,300.0,300.45,301.4,150.0
2025-10-01,09:39:06.000,301.77,300.0,301.4,302.15,300.0
2025-10-01,09:39:07.000,301.77,300.0,301.4,302.15,300.0
2025-10-01,09:39:08.000,301.58,300.0,301.15,302.0,300.0
2025-10-01,09:39:09.000,301.58,300.0,301.15,302.0,300.0
2025-10-01,09:39:10.000,301.65,375.0,301.4,301.9,75.0
2025-10-01,09:39:11.000,301.6,75.0,301.35,301.85,75.0
2025-10-01,09:39:12.000,301.6,75.0,301.35,301.85,75.0
2025-10-01,09:39:13.000,301.65,75.0,301.35,301.95,75.0
2025-10-01,09:39:14.000,301.95,300.0,301.5,302.4,225.0
2025-10-01,09:39:15.000,301.95,300.0,301.5,302.4,225.0
2025-10-01,09:39:16.000,302.38,75.0,302.2,302.55,75.0
2025-10-01,09:39:17.000,302.38,75.0,302.2,302.55,75.0
2025-10-01,09:39:18.000,303.3,300.0,302.8,303.8,75.0
2025-10-01,09:39:19.000,303.2,300.0,302.7,303.7,150.0
2025-10-01,09:39:20.000,303.2,300.0,302.7,303.7,150.0
2025-10-01,09:39:21.000,303.18,300.0,302.75,303.6,75.0
2025-10-01,09:39:22.000,303.18,300.0,302.75,303.6,75.0
2025-10-01,09:39:23.000,302.6,375.0,302.15,303.05,450.0
2025-10-01,09:39:24.000,302.48,525.0,302.0,302.95,150.0
2025-10-01,09:39:25.000,302.48,525.0,302.0,302.95,150.0
2025-10-01,09:39:26.000,303.02,300.0,302.7,303.35,75.0
2025-10-01,09:39:27.000,303.18,150.0,303.0,303.35,75.0
2025-10-01,09:39:28.000,303.18,150.0,303.0,303.35,75.0
2025-10-01,09:39:29.000,303.65,300.0,303.2,304.1,525.0
2025-10-01,09:39:30.000,303.65,300.0,303.2,304.1,525.0
2025-10-01,09:39:31.000,304.55,150.0,304.05,305.05,150.0
2025-10-01,09:39:32.000,304.73,300.0,304.25,305.2,225.0
2025-10-01,09:39:33.000,304.73,300.0,304.25,305.2,225.0
2025-10-01,09:39:34.000,304.85,300.0,304.35,305.35,150.0
2025-10-01,09:39:35.000,304.85,300.0,304.35,305.35,150.0
2025-10-01,09:39:36.000,304.58,300.0,304.05,305.1,375.0
2025-10-01,09:39:37.000,304.23,300.0,303.7,304.75,375.0
2025-10-01,09:39:38.000,304.23,300.0,303.7,304.75,375.0
2025-10-01,09:39:39.000,303.9,300.0,303.6,304.2,75.0
2025-10-01,09:39:40.000,303.9,300.0,303.6,304.2,75.0
2025-10-01,09:39:41.000,304.6,300.0,304.1,305.1,675.0
2025-10-01,09:39:42.000,304.75,300.0,304.3,305.2,525.0
2025-10-01,09:39:43.000,304.75,300.0,304.3,305.2,525.0
2025-10-01,09:39:44.000,304.9,300.0,304.45,305.35,375.0
2025-10-01,09:39:45.000,304.9,300.0,304.45,305.35,375.0
2025-10-01,09:39:46.000,304.48,375.0,304.1,304.85,75.0
2025-10-01,09:39:47.000,304.88,300.0,304.45,305.3,525.0
2025-10-01,09:39:48.000,304.88,300.0,304.45,305.3,525.0
2025-10-01,09:39:49.000,304.65,300.0,304.3,305.0,75.0
2025-10-01,09:39:50.000,304.65,300.0,304.3,305.0,75.0
2025-10-01,09:39:51.000,304.6,300.0,304.15,305.05,225.0
2025-10-01,09:39:52.000,304.82,300.0,304.4,305.25,525.0
2025-10-01,09:39:53.000,304.82,300.0,304.4,305.25,525.0
2025-10-01,09:39:54.000,304.42,450.0,304.0,304.85,525.0
2025-10-01,09:39:55.000,304.42,450.0,304.0,304.85,525.0
2025-10-01,09:39:56.000,304.32,150.0,304.0,304.65,75.0
2025-10-01,09:39:57.000,304.3,150.0,304.0,304.6,150.0
2025-10-01,09:39:58.000,304.3,150.0,304.0,304.6,150.0
2025-10-01,09:39:59.000,304.05,300.0,303.6,304.5,225.0
2025-10-01,09:40:00.000,304.05,300.0,303.6,304.5,225.0
2025-10-01,09:40:01.000,303.9,300.0,303.45,304.35,150.0
2025-10-01,09:40:02.000,303.82,375.0,303.4,304.25,150.0
2025-10-01,09:40:03.000,303.82,375.0,303.4,304.25,150.0
2025-10-01,09:40:04.000,303.52,300.0,303.05,304.0,225.0
2025-10-01,09:40:05.000,303.52,300.0,303.05,304.0,225.0
2025-10-01,09:40:06.000,304.4,375.0,304.0,304.8,150.0
2025-10-01,09:40:07.000,304.4,300.0,304.0,304.8,150.0
2025-10-01,09:40:08.000,304.4,300.0,304.0,304.8,150.0
2025-10-01,09:40:09.000,304.17,300.0,303.7,304.65,375.0
2025-10-01,09:40:10.000,304.17,300.0,303.7,304.65,375.0
2025-10-01,09:40:11.000,304.35,225.0,304.0,304.7,75.0
2025-10-01,09:40:12.000,303.8,300.0,303.35,304.25,225.0
2025-10-01,09:40:13.000,303.8,300.0,303.35,304.25,225.0
2025-10-01,09:40:14.000,303.45,675.0,303.0,303.9,225.0
2025-10-01,09:40:15.000,303.45,675.0,303.0,303.9,225.0
2025-10-01,09:40:16.000,303.15,300.0,302.65,303.65,300.0
2025-10-01,09:40:17.000,303.32,150.0,303.0,303.65,75.0
2025-10-01,09:40:18.000,303.32,150.0,303.0,303.65,75.0
2025-10-01,09:40:19.000,303.3,225.0,303.0,303.6,75.0
2025-10-01,09:40:20.000,303.3,225.0,303.0,303.6,75.0
2025-10-01,09:40:21.000,303.48,375.0,303.05,303.9,300.0
2025-10-01,09:40:22.000,302.62,300.0,302.15,303.1,75.0
2025-10-01,09:40:23.000,302.62,300.0,302.15,303.1,75.0
2025-10-01,09:40:24.000,302.5,300.0,302.1,302.9,375.0
2025-10-01,09:40:25.000,302.5,300.0,302.1,302.9,375.0
2025-10-01,09:40:26.000,302.7,225.0,302.3,303.1,225.0
2025-10-01,09:40:27.000,302.42,375.0,302.0,302.85,150.0
2025-10-01,09:40:28.000,302.42,375.0,302.0,302.85,150.0
2025-10-01,09:40:29.000,302.38,225.0,302.0,302.75,75.0
2025-10-01,09:40:30.000,302.38,225.0,302.0,302.75,75.0
2025-10-01,09:40:31.000,302.4,525.0,302.0,302.8,225.0
2025-10-01,09:40:32.000,302.45,300.0,302.1,302.8,75.0
2025-10-01,09:40:33.000,302.45,300.0,302.1,302.8,75.0
2025-10-01,09:40:34.000,302.25,150.0,302.0,302.5,75.0
2025-10-01,09:40:35.000,302.25,150.0,302.0,302.5,75.0
2025-10-01,09:40:36.000,302.52,300.0,302.05,303.0,150.0
2025-10-01,09:40:37.000,302.38,150.0,302.0,302.75,225.0
2025-10-01,09:40:38.000,302.38,150.0,302.0,302.75,225.0
2025-10-01,09:40:39.000,302.05,225.0,301.75,302.35,75.0
2025-10-01,09:40:40.000,302.05,225.0,301.75,302.35,75.0
2025-10-01,09:40:41.000,301.88,450.0,301.5,302.25,225.0
2025-10-01,09:40:42.000,301.75,300.0,301.35,302.15,375.0
2025-10-01,09:40:43.000,301.75,300.0,301.35,302.15,375.0
2025-10-01,09:40:44.000,301.32,150.0,301.0,301.65,225.0
2025-10-01,09:40:45.000,301.32,150.0,301.0,301.65,225.0
2025-10-01,09:40:46.000,301.95,300.0,301.5,302.4,150.0
2025-10-01,09:40:47.000,303.1,300.0,302.65,303.55,150.0
2025-10-01,09:40:48.000,303.1,300.0,302.65,303.55,150.0
2025-10-01,09:40:49.000,303.77,525.0,303.4,304.15,75.0
2025-10-01,09:40:50.000,303.77,525.0,303.4,304.15,75.0
2025-10-01,09:40:51.000,303.55,300.0,303.1,304.0,150.0
2025-10-01,09:40:52.000,303.4,375.0,303.0,303.8,225.0
2025-10-01,09:40:53.000,303.4,375.0,303.0,303.8,225.0
2025-10-01,09:40:54.000,304.12,150.0,303.5,304.75,375.0
2025-10-01,09:40:55.000,304.12,150.0,303.5,304.75,375.0
2025-10-01,09:40:56.000,304.38,150.0,304.0,304.75,150.0
2025-10-01,09:40:57.000,303.88,150.0,303.45,304.3,150.0
2025-10-01,09:40:58.000,303.88,150.0,303.45,304.3,150.0
2025-10-01,09:40:59.000,303.75,375.0,303.3,304.2,150.0
2025-10-01,09:41:00.000,303.75,375.0,303.3,304.2,150.0
2025-10-01,09:41:01.000,303.9,450.0,303.5,304.3,150.0
2025-10-01,09:41:02.000,304.88,375.0,304.45,305.3,150.0
2025-10-01,09:41:03.000,304.88,375.0,304.45,305.3,150.0
2025-10-01,09:41:04.000,305.25,150.0,304.8,305.7,150.0
2025-10-01,09:41:05.000,305.25,150.0,304.8,305.7,150.0
2025-10-01,09:41:06.000,305.65,300.0,305.25,306.05,75.0
2025-10-01,09:41:07.000,305.25,300.0,304.8,305.7,150.0
2025-10-01,09:41:08.000,305.25,300.0,304.8,305.7,150.0
2025-10-01,09:41:09.000,305.42,300.0,305.05,305.8,150.0
2025-10-01,09:41:10.000,305.42,300.0,305.05,305.8,150.0
2025-10-01,09:41:11.000,305.42,300.0,305.05,305.8,150.0
2025-10-01,09:41:12.000,306.25,300.0,305.75,306.75,150.0
2025-10-01,09:41:13.000,306.25,300.0,305.75,306.75,150.0
2025-10-01,09:41:14.000,306.83,150.0,306.1,307.55,375.0
2025-10-01,09:41:15.000,306.73,150.0,306.3,307.15,150.0
2025-10-01,09:41:16.000,306.73,150.0,306.3,307.15,150.0
2025-10-01,09:41:17.000,306.67,750.0,306.2,307.15,150.0
2025-10-01,09:41:18.000,306.67,750.0,306.2,307.15,150.0
2025-10-01,09:41:19.000,306.35,375.0,306.05,306.65,150.0
2025-10-01,09:41:20.000,306.4,150.0,306.0,306.8,150.0
2025-10-01,09:41:21.000,306.4,150.0,306.0,306.8,150.0
2025-10-01,09:41:22.000,306.4,150.0,306.0,306.8,150.0
2025-10-01,09:41:23.000,306.4,150.0,306.0,306.8,150.0
2025-10-01,09:41:24.000,306.12,300.0,305.7,306.55,75.0
2025-10-01,09:41:25.000,305.77,300.0,305.35,306.2,75.0
2025-10-01,09:41:26.000,305.77,300.0,305.35,306.2,75.0
2025-10-01,09:41:27.000,304.95,450.0,304.45,305.45,150.0
2025-10-01,09:41:28.000,305.38,150.0,305.0,305.75,75.0
2025-10-01,09:41:29.000,305.38,150.0,305.0,305.75,75.0
2025-10-01,09:41:30.000,305.1,300.0,304.7,305.5,75.0
2025-10-01,09:41:31.000,305.1,300.0,304.7,305.5,75.0
2025-10-01,09:41:32.000,305.32,150.0,305.0,305.65,75.0
2025-10-01,09:41:33.000,305.32,150.0,305.0,305.65,75.0
2025-10-01,09:41:34.000,304.62,150.0,304.2,305.05,75.0
2025-10-01,09:41:35.000,304.73,300.0,304.25,305.2,375.0
2025-10-01,09:41:36.000,304.73,300.0,304.25,305.2,375.0
2025-10-01,09:41:37.000,305.1,225.0,304.7,305.5,225.0
2025-10-01,09:41:38.000,305.1,225.0,304.7,305.5,225.0
2025-10-01,09:41:39.000,304.75,225.0,304.4,305.1,75.0
2025-10-01,09:41:40.000,305.88,450.0,305.45,306.3,150.0
2025-10-01,09:41:41.000,305.88,450.0,305.45,306.3,150.0
2025-10-01,09:41:42.000,305.75,150.0,305.35,306.15,150.0
2025-10-01,09:41:43.000,305.75,150.0,305.35,306.15,150.0
2025-10-01,09:41:44.000,305.9,225.0,305.25,306.55,150.0
2025-10-01,09:41:45.000,305.4,150.0,305.05,305.75,225.0
2025-10-01,09:41:46.000,305.4,150.0,305.05,305.75,225.0
2025-10-01,09:41:47.000,304.95,150.0,304.5,305.4,225.0
2025-10-01,09:41:48.000,304.95,150.0,304.5,305.4,225.0
2025-10-01,09:41:49.000,305.3,150.0,305.0,305.6,75.0
2025-10-01,09:41:50.000,305.1,150.0,304.7,305.5,150.0
2025-10-01,09:41:51.000,305.1,150.0,304.7,305.5,150.0
2025-10-01,09:41:52.000,304.85,300.0,304.7,305.0,525.0
2025-10-01,09:41:53.000,304.85,300.0,304.7,305.0,525.0
2025-10-01,09:41:54.000,305.08,150.0,304.6,305.55,150.0
2025-10-01,09:41:55.000,305.73,375.0,305.3,306.15,150.0
2025-10-01,09:41:56.000,305.73,375.0,305.3,306.15,150.0
2025-10-01,09:41:57.000,304.88,450.0,304.4,305.35,225.0
2025-10-01,09:41:58.000,304.88,450.0,304.4,305.35,225.0
2025-10-01,09:41:59.000,305.67,150.0,305.2,306.15,150.0
2025-10-01,09:42:00.000,305.55,150.0,305.1,306.0,150.0
2025-10-01,09:42:01.000,305.55,150.0,305.1,306.0,150.0
2025-10-01,09:42:02.000,305.55,300.0,305.15,305.95,150.0
2025-10-01,09:42:03.000,305.55,300.0,305.15,305.95,150.0
2025-10-01,09:42:04.000,305.82,150.0,305.45,306.2,150.0
2025-10-01,09:42:05.000,305.5,150.0,305.15,305.85,150.0
2025-10-01,09:42:06.000,305.5,150.0,305.15,305.85,150.0
2025-10-01,09:42:07.000,305.77,150.0,305.4,306.15,150.0
2025-10-01,09:42:08.000,305.77,150.0,305.4,306.15,150.0
2025-10-01,09:42:09.000,305.6,150.0,305.3,305.9,75.0
2025-10-01,09:42:10.000,305.88,75.0,305.55,306.2,150.0
2025-10-01,09:42:11.000,305.88,75.0,305.55,306.2,150.0
2025-10-01,09:42:12.000,305.6,75.0,305.3,305.9,150.0
2025-10-01,09:42:13.000,305.6,75.0,305.3,305.9,150.0
2025-10-01,09:42:14.000,305.73,225.0,305.4,306.05,150.0
2025-10-01,09:42:15.000,305.62,75.0,305.25,306.0,225.0
2025-10-01,09:42:16.000,305.62,75.0,305.25,306.0,225.0
2025-10-01,09:42:17.000,305.3,525.0,305.0,305.6,75.0
2025-10-01,09:42:18.000,305.3,525.0,305.0,305.6,75.0
2025-10-01,09:42:19.000,305.92,300.0,305.5,306.35,150.0
2025-10-01,09:42:20.000,305.88,225.0,305.4,306.35,75.0
2025-10-01,09:42:21.000,305.88,225.0,305.4,306.35,75.0
2025-10-01,09:42:22.000,306.45,975.0,306.0,306.9,375.0
2025-10-01,09:42:23.000,306.45,975.0,306.0,306.9,375.0
2025-10-01,09:42:24.000,307.38,300.0,307.0,307.75,150.0
2025-10-01,09:42:25.000,307.88,300.0,307.4,308.35,150.0
2025-10-01,09:42:26.000,307.88,300.0,307.4,308.35,150.0
2025-10-01,09:42:27.000,308.32,375.0,307.9,308.75,150.0
2025-10-01,09:42:28.000,308.32,375.0,307.9,308.75,150.0
2025-10-01,09:42:29.000,307.75,450.0,307.3,308.2,75.0
2025-10-01,09:42:30.000,307.85,225.0,307.45,308.25,225.0
2025-10-01,09:42:31.000,307.85,225.0,307.45,308.25,225.0
2025-10-01,09:42:32.000,307.5,300.0,307.2,307.8,150.0
2025-10-01,09:42:33.000,307.5,300.0,307.2,307.8,150.0
2025-10-01,09:42:34.000,308.1,300.0,307.7,308.5,150.0
2025-10-01,09:42:35.000,308.18,300.0,307.75,308.6,150.0
2025-10-01,09:42:36.000,308.18,300.0,307.75,308.6,150.0
2025-10-01,09:42:37.000,307.62,375.0,307.15,308.1,150.0
2025-10-01,09:42:38.000,307.77,300.0,307.3,308.25,225.0
2025-10-01,09:42:39.000,307.77,300.0,307.3,308.25,225.0
2025-10-01,09:42:40.000,308.65,150.0,308.05,309.25,525.0
2025-10-01,09:42:41.000,308.65,150.0,308.05,309.25,525.0
2025-10-01,09:42:42.000,308.98,825.0,308.55,309.4,225.0
2025-10-01,09:42:43.000,308.58,750.0,308.25,308.9,150.0
2025-10-01,09:42:44.000,308.58,750.0,308.25,308.9,150.0
2025-10-01,09:42:45.000,308.3,150.0,307.85,308.75,150.0
2025-10-01,09:42:46.000,308.3,150.0,307.85,308.75,150.0
2025-10-01,09:42:47.000,308.83,600.0,308.35,309.3,150.0
2025-10-01,09:42:48.000,308.45,450.0,308.05,308.85,150.0
2025-10-01,09:42:49.000,308.45,450.0,308.05,308.85,150.0
2025-10-01,09:42:50.000,307.95,300.0,307.45,308.45,525.0
2025-10-01,09:42:51.000,307.95,300.0,307.45,308.45,525.0
2025-10-01,09:42:52.000,307.83,825.0,307.35,308.3,75.0
2025-10-01,09:42:53.000,307.95,150.0,307.45,308.45,150.0
2025-10-01,09:42:54.000,307.95,150.0,307.45,308.45,150.0
2025-10-01,09:42:55.000,307.98,525.0,307.45,308.5,150.0
2025-10-01,09:42:56.000,307.98,525.0,307.45,308.5,150.0
2025-10-01,09:42:57.000,307.6,75.0,307.2,308.0,150.0
2025-10-01,09:42:58.000,307.98,225.0,307.6,308.35,225.0
2025-10-01,09:42:59.000,307.98,225.0,307.6,308.35,225.0
2025-10-01,09:43:00.000,307.73,300.0,307.3,308.15,150.0
2025-10-01,09:43:01.000,307.73,300.0,307.3,308.15,150.0
2025-10-01,09:43:02.000,308.32,150.0,308.0,308.65,75.0
2025-10-01,09:43:03.000,308.1,300.0,307.7,308.5,75.0
2025-10-01,09:43:04.000,308.1,300.0,307.7,308.5,75.0
2025-10-01,09:43:05.000,307.45,150.0,307.05,307.85,150.0
2025-10-01,09:43:06.000,307.45,150.0,307.05,307.85,150.0
2025-10-01,09:43:07.000,307.48,675.0,307.05,307.9,75.0
2025-10-01,09:43:08.000,307.68,75.0,307.3,308.05,150.0
2025-10-01,09:43:09.000,307.68,75.0,307.3,308.05,150.0
2025-10-01,09:43:10.000,307.55,75.0,307.15,307.95,150.0
2025-10-01,09:43:11.000,307.55,75.0,307.15,307.95,150.0
2025-10-01,09:43:12.000,307.45,375.0,307.05,307.85,150.0
2025-10-01,09:43:13.000,307.52,900.0,307.1,307.95,225.0
2025-10-01,09:43:14.000,307.52,900.0,307.1,307.95,225.0
2025-10-01,09:43:15.000,307.5,75.0,307.15,307.85,150.0
2025-10-01,09:43:16.000,307.5,75.0,307.15,307.85,150.0
2025-10-01,09:43:17.000,307.5,450.0,307.15,307.85,150.0
2025-10-01,09:43:18.000,308.48,375.0,308.05,308.9,150.0
2025-10-01,09:43:19.000,308.48,375.0,308.05,308.9,150.0
2025-10-01,09:43:20.000,308.35,150.0,308.0,308.7,150.0
2025-10-01,09:43:21.000,308.35,150.0,308.0,308.7,150.0
2025-10-01,09:43:22.000,309.73,225.0,309.4,310.05,150.0
2025-10-01,09:43:23.000,309.65,600.0,309.2,310.1,150.0
2025-10-01,09:43:24.000,309.65,600.0,309.2,310.1,150.0
2025-10-01,09:43:25.000,309.73,750.0,309.4,310.05,75.0
2025-10-01,09:43:26.000,309.73,750.0,309.4,310.05,75.0
2025-10-01,09:43:27.000,309.9,75.0,309.55,310.25,150.0
2025-10-01,09:43:28.000,308.82,75.0,308.4,309.25,150.0
2025-10-01,09:43:29.000,308.82,75.0,308.4,309.25,150.0
2025-10-01,09:43:30.000,308.9,300.0,308.5,309.3,600.0
2025-10-01,09:43:31.000,308.9,300.0,308.5,309.3,600.0
2025-10-01,09:43:32.000,307.95,825.0,307.5,308.4,525.0
2025-10-01,09:43:33.000,308.15,300.0,307.8,308.5,75.0
2025-10-01,09:43:34.000,308.15,300.0,307.8,308.5,75.0
2025-10-01,09:43:35.000,308.12,675.0,307.75,308.5,75.0
2025-10-01,09:43:36.000,308.12,675.0,307.75,308.5,75.0
2025-10-01,09:43:37.000,307.92,300.0,307.5,308.35,225.0
2025-10-01,09:43:38.000,307.92,300.0,307.5,308.35,225.0
2025-10-01,09:43:39.000,307.58,300.0,307.2,307.95,225.0
2025-10-01,09:43:40.000,307.52,300.0,307.1,307.95,75.0
2025-10-01,09:43:41.000,307.52,300.0,307.1,307.95,75.0
2025-10-01,09:43:42.000,307.4,300.0,307.0,307.8,300.0
2025-10-01,09:43:43.000,307.4,300.0,307.0,307.8,300.0
2025-10-01,09:43:44.000,307.38,150.0,307.0,307.75,450.0
2025-10-01,09:43:45.000,308.32,150.0,308.0,308.65,75.0
2025-10-01,09:43:46.000,308.32,150.0,308.0,308.65,75.0
2025-10-01,09:43:47.000,309.23,375.0,308.8,309.65,150.0
2025-10-01,09:43:48.000,309.23,375.0,308.8,309.65,150.0
2025-10-01,09:43:49.000,309.52,375.0,309.15,309.9,75.0
2025-10-01,09:43:50.000,309.65,600.0,309.3,310.0,75.0
2025-10-01,09:43:51.000,309.65,600.0,309.3,310.0,75.0
2025-10-01,09:43:52.000,309.1,300.0,308.7,309.5,150.0
2025-10-01,09:43:53.000,309.1,300.0,308.7,309.5,150.0
2025-10-01,09:43:54.000,309.38,300.0,308.95,309.8,150.0
2025-10-01,09:43:55.000,310.85,150.0,310.2,311.5,75.0
2025-10-01,09:43:56.000,310.85,150.0,310.2,311.5,75.0
2025-10-01,09:43:57.000,311.4,225.0,311.0,311.8,150.0
2025-10-01,09:43:58.000,311.4,225.0,311.0,311.8,150.0
2025-10-01,09:43:59.000,311.98,150.0,311.45,312.5,150.0
2025-10-01,09:44:00.000,312.38,225.0,312.0,312.75,150.0
2025-10-01,09:44:01.000,312.38,225.0,312.0,312.75,150.0
2025-10-01,09:44:02.000,311.52,75.0,311.05,312.0,225.0
2025-10-01,09:44:03.000,311.75,300.0,311.45,312.05,150.0
2025-10-01,09:44:04.000,311.75,300.0,311.45,312.05,150.0
2025-10-01,09:44:05.000,313.0,225.0,312.7,313.3,75.0
2025-10-01,09:44:06.000,313.0,225.0,312.7,313.3,75.0
2025-10-01,09:44:07.000,312.52,75.0,312.05,313.0,75.0
2025-10-01,09:44:08.000,313.18,75.0,312.85,313.5,150.0
2025-10-01,09:44:09.000,313.18,75.0,312.85,313.5,150.0
2025-10-01,09:44:10.000,313.05,75.0,312.7,313.4,150.0
2025-10-01,09:44:11.000,313.05,75.0,312.7,313.4,150.0
2025-10-01,09:44:12.000,313.3,150.0,313.0,313.6,150.0
2025-10-01,09:44:13.000,313.15,75.0,312.8,313.5,225.0
2025-10-01,09:44:14.000,313.15,75.0,312.8,313.5,225.0
2025-10-01,09:44:15.000,313.4,150.0,313.0,313.8,150.0
2025-10-01,09:44:16.000,313.4,150.0,313.0,313.8,150.0
2025-10-01,09:44:17.000,313.7,300.0,313.3,314.1,75.0
2025-10-01,09:44:18.000,314.38,150.0,314.0,314.75,150.0
2025-10-01,09:44:19.000,314.38,150.0,314.0,314.75,150.0
2025-10-01,09:44:20.000,314.48,75.0,314.05,314.9,150.0
2025-10-01,09:44:21.000,314.48,75.0,314.05,314.9,150.0
2025-10-01,09:44:22.000,314.42,150.0,314.0,314.85,150.0
2025-10-01,09:44:23.000,314.62,375.0,314.3,314.95,75.0
2025-10-01,09:44:24.000,314.62,375.0,314.3,314.95,75.0
2025-10-01,09:44:25.000,315.4,150.0,315.0,315.8,75.0
2025-10-01,09:44:26.000,315.4,150.0,315.0,315.8,75.0
2025-10-01,09:44:27.000,316.08,75.0,315.8,316.35,150.0
2025-10-01,09:44:28.000,316.33,75.0,316.05,316.6,150.0
2025-10-01,09:44:29.000,316.33,75.0,316.05,316.6,150.0
2025-10-01,09:44:30.000,316.55,75.0,316.4,316.7,150.0
2025-10-01,09:44:31.000,316.55,75.0,316.4,316.7,150.0
2025-10-01,09:44:32.000,316.25,75.0,315.85,316.65,225.0
2025-10-01,09:44:33.000,315.85,525.0,315.45,316.25,150.0
2025-10-01,09:44:34.000,315.85,525.0,315.45,316.25,150.0
2025-10-01,09:44:35.000,315.5,225.0,315.15,315.85,225.0
2025-10-01,09:44:36.000,315.5,225.0,315.15,315.85,225.0
2025-10-01,09:44:37.000,315.55,150.0,315.2,315.9,525.0
2025-10-01,09:44:38.000,314.62,300.0,314.25,315.0,75.0
2025-10-01,09:44:39.000,314.62,300.0,314.25,315.0,75.0
2025-10-01,09:44:40.000,313.95,525.0,313.5,314.4,75.0
2025-10-01,09:44:41.000,313.95,525.0,313.5,314.4,75.0
2025-10-01,09:44:42.000,313.9,300.0,313.6,314.2,75.0
2025-10-01,09:44:43.000,313.9,300.0,313.6,314.2,75.0
2025-10-01,09:44:44.000,313.58,300.0,313.2,313.95,300.0
2025-10-01,09:44:45.000,314.45,225.0,314.0,314.9,300.0
2025-10-01,09:44:46.000,314.45,225.0,314.0,314.9,300.0
2025-10-01,09:44:47.000,315.7,300.0,315.2,316.2,375.0
2025-10-01,09:44:48.000,315.7,300.0,315.2,316.2,375.0
2025-10-01,09:44:49.000,315.88,300.0,315.45,316.3,75.0
2025-10-01,09:44:50.000,315.77,75.0,315.35,316.2,450.0
2025-10-01,09:44:51.000,315.77,75.0,315.35,316.2,450.0
2025-10-01,09:44:52.000,315.23,225.0,314.8,315.65,75.0
2025-10-01,09:44:53.000,315.23,225.0,314.8,315.65,75.0
2025-10-01,09:44:54.000,314.75,675.0,314.3,315.2,75.0
2025-10-01,09:44:55.000,314.7,300.0,314.3,315.1,75.0
2025-10-01,09:44:56.000,314.7,300.0,314.3,315.1,75.0
2025-10-01,09:44:57.000,314.6,300.0,314.2,315.0,75.0
2025-10-01,09:44:58.000,314.7,300.0,314.3,315.1,75.0
2025-10-01,09:44:59.000,314.7,300.0,314.3,315.1,75.0
2025-10-01,09:45:00.000,314.05,300.0,313.65,314.45,75.0
2025-10-01,09:45:01.000,314.05,300.0,313.65,314.45,75.0
2025-10-01,09:45:02.000,313.65,300.0,313.35,313.95,75.0
