Date,Time,MID_PRICE,BID_SIZE,BID_PRICE,ASK_PRICE,ASK_SIZE
2025-10-01,09:15:00.000,418.45,150.0,414.45,422.45,75.0
2025-10-01,09:15:01.000,418.45,150.0,414.45,422.45,75.0
2025-10-01,09:15:02.000,418.45,150.0,414.45,422.45,75.0
2025-10-01,09:15:03.000,418.45,150.0,414.45,422.45,75.0
2025-10-01,09:15:04.000,418.45,150.0,414.45,422.45,75.0
2025-10-01,09:15:05.000,418.45,150.0,414.45,422.45,75.0
2025-10-01,09:15:06.000,418.45,150.0,414.45,422.45,75.0
2025-10-01,09:15:07.000,418.45,150.0,414.45,422.45,75.0
2025-10-01,09:15:08.000,418.45,150.0,414.45,422.45,75.0
2025-10-01,09:15:09.000,418.45,150.0,414.45,422.45,75.0
2025-10-01,09:15:10.000,418.45,150.0,414.45,422.45,75.0
2025-10-01,09:15:11.000,418.45,150.0,414.45,422.45,75.0
2025-10-01,09:15:12.000,418.45,150.0,414.45,422.45,75.0
2025-10-01,09:15:13.000,418.45,150.0,414.45,422.45,75.0
2025-10-01,09:15:14.000,418.45,150.0,414.45,422.45,75.0
2025-10-01,09:15:15.000,418.45,150.0,414.45,422.45,75.0
2025-10-01,09:15:16.000,418.45,150.0,414.45,422.45,75.0
2025-10-01,09:15:17.000,418.45,150.0,414.45,422.45,75.0
2025-10-01,09:15:18.000,418.45,150.0,414.45,422.45,75.0
2025-10-01,09:15:19.000,418.45,150.0,414.45,422.45,75.0
2025-10-01,09:15:20.000,413.7,225.0,412.45,414.95,150.0
2025-10-01,09:15:21.000,413.7,225.0,412.45,414.95,150.0
2025-10-01,09:15:22.000,414.25,225.0,412.85,415.65,225.0
2025-10-01,09:15:23.000,412.4,150.0,410.8,414.0,375.0
2025-10-01,09:15:24.000,411.67,900.0,410.45,412.9,225.0
2025-10-01,09:15:25.000,411.67,900.0,410.45,412.9,225.0
2025-10-01,09:15:26.000,413.68,225.0,412.5,414.85,225.0
2025-10-01,09:15:27.000,411.25,225.0,410.15,412.35,150.0
2025-10-01,09:15:28.000,411.25,225.0,410.15,412.35,150.0
2025-10-01,09:15:29.000,409.85,225.0,408.85,410.85,225.0
2025-10-01,09:15:30.000,410.68,225.0,409.6,411.75,150.0
2025-10-01,09:15:31.000,409.65,225.0,408.7,410.6,225.0
2025-10-01,09:15:32.000,409.65,225.0,408.7,410.6,225.0
2025-10-01,09:15:33.000,410.88,225.0,409.9,411.85,225.0
2025-10-01,09:15:34.000,409.72,225.0,408.8,410.65,225.0
2025-10-01,09:15:35.000,411.28,225.0,410.3,412.25,150.0
2025-10-01,09:15:36.000,411.28,225.0,410.3,412.25,150.0
2025-10-01,09:15:37.000,409.72,900.0,408.65,410.8,225.0
2025-10-01,09:15:38.000,409.15,225.0,408.3,410.0,225.0
2025-10-01,09:15:39.000,409.15,225.0,408.3,410.0,225.0
2025-10-01,09:15:40.000,410.35,225.0,409.35,411.35,225.0
2025-10-01,09:15:41.000,410.2,225.0,409.2,411.2,225.0
2025-10-01,09:15:42.000,409.0,900.0,407.95,410.05,150.0
2025-10-01,09:15:43.000,409.0,900.0,407.95,410.05,150.0
2025-10-01,09:15:44.000,407.62,900.0,406.6,408.65,225.0
2025-10-01,09:15:45.000,408.02,225.0,407.1,408.95,225.0
2025-10-01,09:15:46.000,407.78,225.0,406.75,408.8,225.0
2025-10-01,09:15:47.000,407.78,225.0,406.75,408.8,225.0
2025-10-01,09:15:48.000,407.75,225.0,406.8,408.7,225.0
2025-10-01,09:15:49.000,406.72,225.0,405.75,407.7,225.0
2025-10-01,09:15:50.000,406.72,225.0,405.75,407.7,225.0
2025-10-01,09:15:51.000,406.4,150.0,405.45,407.35,150.0
2025-10-01,09:15:52.000,406.92,150.0,406.0,407.85,150.0
2025-10-01,09:15:53.000,405.68,150.0,404.85,406.5,150.0
2025-10-01,09:15:54.000,405.68,150.0,404.85,406.5,150.0
2025-10-01,09:15:55.000,405.7,150.0,404.65,406.75,150.0
2025-10-01,09:15:56.000,404.2,900.0,403.45,404.95,150.0
2025-10-01,09:15:57.000,405.65,150.0,404.45,406.85,150.0
2025-10-01,09:15:58.000,405.65,150.0,404.45,406.85,150.0
2025-10-01,09:15:59.000,405.05,225.0,404.15,405.95,225.0
2025-10-01,09:16:00.000,403.9,900.0,402.85,404.95,2025.0
2025-10-01,09:16:01.000,403.6,150.0,402.7,404.5,150.0
2025-10-01,09:16:02.000,403.6,150.0,402.7,404.5,150.0
2025-10-01,09:16:03.000,402.32,900.0,401.45,403.2,150.0
2025-10-01,09:16:04.000,403.4,900.0,402.5,404.3,150.0
2025-10-01,09:16:05.000,403.6,75.0,402.25,404.95,150.0
2025-10-01,09:16:06.000,403.6,75.0,402.25,404.95,150.0
2025-10-01,09:16:07.000,405.67,150.0,404.7,406.65,150.0
2025-10-01,09:16:08.000,406.15,150.0,404.35,407.95,150.0
2025-10-01,09:16:09.000,406.15,150.0,404.35,407.95,150.0
2025-10-01,09:16:10.000,405.95,225.0,405.0,406.9,225.0
2025-10-01,09:16:11.000,404.1,900.0,403.05,405.15,225.0
2025-10-01,09:16:12.000,404.1,900.0,403.05,405.15,225.0
2025-10-01,09:16:13.000,405.1,75.0,403.25,406.95,150.0
2025-10-01,09:16:14.000,404.55,225.0,403.75,405.35,225.0
2025-10-01,09:16:15.000,405.52,225.0,404.75,406.3,225.0
2025-10-01,09:16:16.000,405.52,225.0,404.75,406.3,225.0
2025-10-01,09:16:17.000,404.52,900.0,403.8,405.25,150.0
2025-10-01,09:16:18.000,402.8,900.0,402.05,403.55,150.0
2025-10-01,09:16:19.000,403.25,900.0,402.55,403.95,225.0
2025-10-01,09:16:20.000,403.25,900.0,402.55,403.95,225.0
2025-10-01,09:16:21.000,403.08,900.0,402.25,403.9,225.0
2025-10-01,09:16:22.000,403.98,900.0,403.25,404.7,225.0
2025-10-01,09:16:23.000,403.98,900.0,403.25,404.7,225.0
2025-10-01,09:16:24.000,403.32,225.0,402.7,403.95,900.0
2025-10-01,09:16:25.000,403.08,225.0,402.45,403.7,900.0
2025-10-01,09:16:26.000,403.22,225.0,402.4,404.05,225.0
2025-10-01,09:16:27.000,403.22,225.0,402.4,404.05,225.0
2025-10-01,09:16:28.000,404.45,1800.0,403.9,405.0,150.0
2025-10-01,09:16:29.000,402.83,1800.0,402.05,403.6,225.0
2025-10-01,09:16:30.000,402.9,1800.0,402.1,403.7,150.0
2025-10-01,09:16:31.000,402.9,1800.0,402.1,403.7,150.0
2025-10-01,09:16:32.000,403.72,1800.0,403.0,404.45,1800.0
2025-10-01,09:16:33.000,403.83,75.0,403.3,404.35,150.0
2025-10-01,09:16:34.000,403.38,1800.0,402.75,404.0,150.0
2025-10-01,09:16:35.000,403.38,1800.0,402.75,404.0,150.0
2025-10-01,09:16:36.000,402.33,150.0,401.55,403.1,150.0
2025-10-01,09:16:37.000,400.6,75.0,400.0,401.2,150.0
2025-10-01,09:16:38.000,400.4,75.0,400.0,400.8,900.0
2025-10-01,09:16:39.000,400.4,75.0,400.0,400.8,900.0
2025-10-01,09:16:40.000,400.48,75.0,400.0,400.95,150.0
2025-10-01,09:16:41.000,398.65,1800.0,398.0,399.3,1800.0
2025-10-01,09:16:42.000,398.65,1800.0,398.0,399.3,1800.0
2025-10-01,09:16:43.000,398.52,150.0,397.9,399.15,150.0
2025-10-01,09:16:44.000,399.75,1800.0,399.1,400.4,150.0
2025-10-01,09:16:45.000,401.35,1125.0,400.7,402.0,525.0
2025-10-01,09:16:46.000,401.35,1125.0,400.7,402.0,525.0
2025-10-01,09:16:47.000,399.92,150.0,399.3,400.55,525.0
2025-10-01,09:16:48.000,399.92,225.0,399.35,400.5,525.0
2025-10-01,09:16:49.000,399.92,225.0,399.35,400.5,525.0
2025-10-01,09:16:50.000,400.82,225.0,400.15,401.5,525.0
2025-10-01,09:16:51.000,402.0,900.0,401.35,402.65,525.0
2025-10-01,09:16:52.000,400.22,150.0,399.55,400.9,225.0
2025-10-01,09:16:53.000,400.22,150.0,399.55,400.9,225.0
2025-10-01,09:16:54.000,401.55,150.0,401.1,402.0,150.0
2025-10-01,09:16:55.000,400.35,1275.0,399.7,401.0,600.0
2025-10-01,09:16:56.000,400.35,1275.0,399.7,401.0,600.0
2025-10-01,09:16:57.000,400.78,225.0,400.05,401.5,600.0
2025-10-01,09:16:58.000,400.02,150.0,399.35,400.7,600.0
2025-10-01,09:16:59.000,401.0,150.0,400.3,401.7,600.0
2025-10-01,09:17:00.000,401.0,150.0,400.3,401.7,600.0
2025-10-01,09:17:01.000,399.83,150.0,399.1,400.55,600.0
2025-10-01,09:17:02.000,399.33,225.0,398.6,400.05,600.0
2025-10-01,09:17:03.000,399.5,150.0,398.9,400.1,600.0
2025-10-01,09:17:04.000,399.5,150.0,398.9,400.1,600.0
2025-10-01,09:17:05.000,399.48,75.0,399.0,399.95,75.0
2025-10-01,09:17:06.000,399.0,225.0,398.05,399.95,75.0
2025-10-01,09:17:07.000,399.0,225.0,398.05,399.95,75.0
2025-10-01,09:17:08.000,398.85,75.0,397.95,399.75,75.0
2025-10-01,09:17:09.000,398.58,75.0,397.6,399.55,75.0
2025-10-01,09:17:10.000,397.9,75.0,396.85,398.95,75.0
2025-10-01,09:17:11.000,397.9,75.0,396.85,398.95,75.0
2025-10-01,09:17:12.000,398.75,75.0,397.8,399.7,75.0
2025-10-01,09:17:13.000,399.17,75.0,398.4,399.95,75.0
2025-10-01,09:17:14.000,400.0,75.0,399.05,400.95,75.0
2025-10-01,09:17:15.000,400.0,75.0,399.05,400.95,75.0
2025-10-01,09:17:16.000,400.05,225.0,399.15,400.95,75.0
2025-10-01,09:17:17.000,402.0,75.0,400.3,403.7,75.0
2025-10-01,09:17:18.000,402.0,75.0,400.3,403.7,75.0
2025-10-01,09:17:19.000,402.45,75.0,401.1,403.8,75.0
2025-10-01,09:17:20.000,402.02,75.0,401.1,402.95,75.0
2025-10-01,09:17:21.000,402.02,75.0,401.1,402.95,75.0
2025-10-01,09:17:22.000,402.15,225.0,401.35,402.95,75.0
2025-10-01,09:17:23.000,402.22,75.0,401.5,402.95,75.0
2025-10-01,09:17:24.000,404.32,75.0,403.7,404.95,75.0
2025-10-01,09:17:25.000,404.32,75.0,403.7,404.95,75.0
2025-10-01,09:17:26.000,404.85,150.0,403.75,405.95,75.0
2025-10-01,09:17:27.000,404.8,75.0,403.65,405.95,75.0
2025-10-01,09:17:28.000,404.8,75.0,403.65,405.95,75.0
2025-10-01,09:17:29.000,406.42,150.0,405.1,407.75,75.0
2025-10-01,09:17:30.000,406.25,75.0,405.55,406.95,75.0
2025-10-01,09:17:31.000,407.2,75.0,406.45,407.95,75.0
2025-10-01,09:17:32.000,407.2,75.0,406.45,407.95,75.0
2025-10-01,09:17:33.000,406.88,75.0,405.8,407.95,75.0
2025-10-01,09:17:34.000,406.67,150.0,405.4,407.95,75.0
2025-10-01,09:17:35.000,406.67,150.0,405.4,407.95,75.0
2025-10-01,09:17:36.000,405.38,75.0,405.0,405.75,75.0
2025-10-01,09:17:37.000,406.18,150.0,405.55,406.8,75.0
2025-10-01,09:17:38.000,407.85,225.0,407.25,408.45,75.0
2025-10-01,09:17:39.000,407.85,225.0,407.25,408.45,75.0
2025-10-01,09:17:40.000,407.85,225.0,407.25,408.45,75.0
2025-10-01,09:17:41.000,408.6,150.0,408.0,409.2,75.0
2025-10-01,09:17:42.000,408.6,150.0,408.0,409.2,75.0
2025-10-01,09:17:43.000,408.02,225.0,407.4,408.65,75.0
2025-10-01,09:17:44.000,408.45,225.0,407.8,409.1,150.0
2025-10-01,09:17:45.000,408.25,225.0,407.65,408.85,75.0
2025-10-01,09:17:46.000,408.25,225.0,407.65,408.85,75.0
2025-10-01,09:17:47.000,407.22,150.0,406.7,407.75,75.0
2025-10-01,09:17:48.000,405.6,150.0,405.05,406.15,225.0
2025-10-01,09:17:49.000,405.6,150.0,405.05,406.15,225.0
2025-10-01,09:17:50.000,405.65,150.0,405.05,406.25,225.0
2025-10-01,09:17:51.000,405.5,75.0,405.0,406.0,225.0
2025-10-01,09:17:52.000,406.38,450.0,405.7,407.05,225.0
2025-10-01,09:17:53.000,406.38,450.0,405.7,407.05,225.0
2025-10-01,09:17:54.000,407.85,150.0,407.1,408.6,225.0
2025-10-01,09:17:55.000,408.62,75.0,407.4,409.85,75.0
2025-10-01,09:17:56.000,408.55,75.0,407.3,409.8,75.0
2025-10-01,09:17:57.000,408.55,75.0,407.3,409.8,75.0
2025-10-01,09:17:58.000,409.25,75.0,408.55,409.95,75.0
2025-10-01,09:17:59.000,410.5,150.0,409.05,411.95,75.0
2025-10-01,09:18:00.000,410.5,150.0,409.05,411.95,75.0
2025-10-01,09:18:01.000,412.28,150.0,410.75,413.8,75.0
2025-10-01,09:18:02.000,411.48,75.0,410.0,412.95,75.0
2025-10-01,09:18:03.000,408.8,75.0,407.65,409.95,75.0
2025-10-01,09:18:04.000,408.8,75.0,407.65,409.95,75.0
2025-10-01,09:18:05.000,407.9,75.0,406.85,408.95,75.0
2025-10-01,09:18:06.000,409.6,300.0,409.0,410.2,300.0
2025-10-01,09:18:07.000,409.6,300.0,409.0,410.2,300.0
2025-10-01,09:18:08.000,408.08,150.0,407.5,408.65,150.0
2025-10-01,09:18:09.000,407.8,150.0,407.15,408.45,150.0
2025-10-01,09:18:10.000,407.85,150.0,407.25,408.45,150.0
2025-10-01,09:18:11.000,407.85,150.0,407.25,408.45,150.0
2025-10-01,09:18:12.000,409.02,150.0,408.4,409.65,150.0
2025-10-01,09:18:13.000,408.55,150.0,407.95,409.15,150.0
2025-10-01,09:18:14.000,408.55,150.0,407.95,409.15,150.0
2025-10-01,09:18:15.000,408.65,150.0,407.95,409.35,225.0
2025-10-01,09:18:16.000,409.08,150.0,408.5,409.65,150.0
2025-10-01,09:18:17.000,409.08,150.0,408.5,409.65,150.0
2025-10-01,09:18:18.000,409.85,75.0,408.75,410.95,75.0
2025-10-01,09:18:19.000,409.32,150.0,408.65,410.0,150.0
2025-10-01,09:18:20.000,408.52,150.0,408.05,409.0,150.0
2025-10-01,09:18:21.000,408.52,150.0,408.05,409.0,150.0
2025-10-01,09:18:22.000,407.8,75.0,406.65,408.95,75.0
2025-10-01,09:18:23.000,408.02,75.0,407.1,408.95,75.0
2025-10-01,09:18:24.000,408.02,75.0,407.1,408.95,75.0
2025-10-01,09:18:25.000,407.38,75.0,406.75,408.0,150.0
2025-10-01,09:18:26.000,409.12,75.0,407.5,410.75,75.0
2025-10-01,09:18:27.000,409.12,75.0,407.5,410.75,75.0
2025-10-01,09:18:28.000,407.78,75.0,406.6,408.95,75.0
2025-10-01,09:18:29.000,406.9,75.0,405.85,407.95,75.0
2025-10-01,09:18:30.000,406.82,75.0,405.7,407.95,75.0
2025-10-01,09:18:31.000,406.82,75.0,405.7,407.95,75.0
2025-10-01,09:18:32.000,406.58,75.0,405.35,407.8,75.0
2025-10-01,09:18:33.000,405.3,150.0,404.65,405.95,75.0
2025-10-01,09:18:34.000,405.3,150.0,404.65,405.95,75.0
2025-10-01,09:18:35.000,406.22,150.0,405.5,406.95,75.0
2025-10-01,09:18:36.000,406.22,75.0,405.5,406.95,75.0
2025-10-01,09:18:37.000,406.08,75.0,405.2,406.95,75.0
2025-10-01,09:18:38.000,406.08,75.0,405.2,406.95,75.0
2025-10-01,09:18:39.000,407.08,75.0,406.2,407.95,75.0
2025-10-01,09:18:40.000,406.9,150.0,405.85,407.95,75.0
2025-10-01,09:18:41.000,406.9,150.0,405.85,407.95,75.0
2025-10-01,09:18:42.000,406.9,150.0,405.85,407.95,75.0
2025-10-01,09:18:43.000,408.02,75.0,407.1,408.95,75.0
2025-10-01,09:18:44.000,407.6,75.0,407.2,408.0,150.0
2025-10-01,09:18:45.000,407.6,75.0,407.2,408.0,150.0
2025-10-01,09:18:46.000,407.42,75.0,406.9,407.95,75.0
2025-10-01,09:18:47.000,407.42,75.0,406.9,407.95,75.0
2025-10-01,09:18:48.000,406.6,75.0,405.3,407.9,75.0
2025-10-01,09:18:49.000,407.0,75.0,406.05,407.95,75.0
2025-10-01,09:18:50.000,407.0,75.0,406.05,407.95,75.0
2025-10-01,09:18:51.000,406.85,75.0,405.9,407.8,75.0
2025-10-01,09:18:52.000,406.85,75.0,405.9,407.8,75.0
2025-10-01,09:18:53.000,406.88,75.0,405.9,407.85,75.0
2025-10-01,09:18:54.000,405.0,75.0,404.05,405.95,75.0
2025-10-01,09:18:55.000,405.0,75.0,404.05,405.95,75.0
2025-10-01,09:18:56.000,405.75,75.0,404.6,406.9,75.0
2025-10-01,09:18:57.000,405.75,75.0,404.6,406.9,75.0
2025-10-01,09:18:58.000,405.45,225.0,404.1,406.8,75.0
2025-10-01,09:18:59.000,404.78,75.0,403.6,405.95,75.0
2025-10-01,09:19:00.000,404.78,75.0,403.6,405.95,75.0
2025-10-01,09:19:01.000,403.32,75.0,402.7,403.95,75.0
2025-10-01,09:19:02.000,403.32,75.0,402.7,403.95,75.0
2025-10-01,09:19:03.000,404.12,150.0,403.3,404.95,75.0
2025-10-01,09:19:04.000,403.45,75.0,402.9,404.0,150.0
2025-10-01,09:19:05.000,403.45,75.0,402.9,404.0,150.0
2025-10-01,09:19:06.000,402.38,150.0,401.75,403.0,150.0
2025-10-01,09:19:07.000,402.38,150.0,401.75,403.0,150.0
2025-10-01,09:19:08.000,403.98,75.0,403.0,404.95,75.0
2025-10-01,09:19:09.000,404.17,150.0,403.4,404.95,75.0
2025-10-01,09:19:10.000,404.17,150.0,403.4,404.95,75.0
2025-10-01,09:19:11.000,402.95,75.0,401.95,403.95,75.0
2025-10-01,09:19:12.000,402.95,75.0,401.95,403.95,75.0
2025-10-01,09:19:13.000,402.92,150.0,401.9,403.95,75.0
2025-10-01,09:19:14.000,402.18,75.0,401.35,403.0,150.0
2025-10-01,09:19:15.000,402.18,75.0,401.35,403.0,150.0
2025-10-01,09:19:16.000,402.28,75.0,401.55,403.0,150.0
2025-10-01,09:19:17.000,402.28,75.0,401.55,403.0,150.0
2025-10-01,09:19:18.000,403.08,150.0,402.2,403.95,75.0
2025-10-01,09:19:19.000,401.3,75.0,400.6,402.0,150.0
2025-10-01,09:19:20.000,401.3,75.0,400.6,402.0,150.0
2025-10-01,09:19:21.000,400.5,75.0,400.0,401.0,150.0
2025-10-01,09:19:22.000,400.5,75.0,400.0,401.0,150.0
2025-10-01,09:19:23.000,401.08,75.0,400.2,401.95,75.0
2025-10-01,09:19:24.000,401.48,75.0,400.95,402.0,150.0
2025-10-01,09:19:25.000,401.48,75.0,400.95,402.0,150.0
2025-10-01,09:19:26.000,401.95,75.0,400.95,402.95,75.0
2025-10-01,09:19:27.000,401.95,75.0,400.95,402.95,75.0
2025-10-01,09:19:28.000,404.17,75.0,402.9,405.45,75.0
2025-10-01,09:19:29.000,403.05,150.0,402.15,403.95,75.0
2025-10-01,09:19:30.000,403.05,150.0,402.15,403.95,75.0
2025-10-01,09:19:31.000,405.1,75.0,404.25,405.95,75.0
2025-10-01,09:19:32.000,405.1,75.0,404.25,405.95,75.0
2025-10-01,09:19:33.000,403.75,75.0,402.55,404.95,75.0
2025-10-01,09:19:34.000,404.28,75.0,403.55,405.0,150.0
2025-10-01,09:19:35.000,404.28,75.0,403.55,405.0,150.0
2025-10-01,09:19:36.000,404.15,75.0,403.3,405.0,150.0
2025-10-01,09:19:37.000,404.15,75.0,403.3,405.0,150.0
2025-10-01,09:19:38.000,404.12,75.0,403.25,405.0,150.0
2025-10-01,09:19:39.000,404.0,225.0,403.05,404.95,75.0
2025-10-01,09:19:40.000,404.0,225.0,403.05,404.95,75.0
2025-10-01,09:19:41.000,405.1,75.0,404.25,405.95,75.0
2025-10-01,09:19:42.000,405.1,75.0,404.25,405.95,75.0
2025-10-01,09:19:43.000,405.28,75.0,404.6,405.95,75.0
2025-10-01,09:19:44.000,405.28,75.0,404.6,405.95,75.0
2025-10-01,09:19:45.000,405.45,75.0,404.9,406.0,150.0
2025-10-01,09:19:46.000,404.52,75.0,404.05,405.0,150.0
2025-10-01,09:19:47.000,404.52,75.0,404.05,405.0,150.0
2025-10-01,09:19:48.000,404.38,75.0,403.75,405.0,150.0
2025-10-01,09:19:49.000,404.38,75.0,403.75,405.0,150.0
2025-10-01,09:19:50.000,403.9,75.0,402.85,404.95,75.0
2025-10-01,09:19:51.000,401.98,150.0,400.95,403.0,150.0
2025-10-01,09:19:52.000,401.98,150.0,400.95,403.0,150.0
2025-10-01,09:19:53.000,401.28,75.0,400.55,402.0,150.0
2025-10-01,09:19:54.000,401.28,75.0,400.55,402.0,150.0
2025-10-01,09:19:55.000,402.02,75.0,401.1,402.95,75.0
2025-10-01,09:19:56.000,400.95,75.0,399.95,401.95,75.0
2025-10-01,09:19:57.000,400.95,75.0,399.95,401.95,75.0
2025-10-01,09:19:58.000,400.1,75.0,399.25,400.95,75.0
2025-10-01,09:19:59.000,400.1,75.0,399.25,400.95,75.0
2025-10-01,09:20:00.000,399.5,300.0,399.0,400.0,150.0
2025-10-01,09:20:01.000,397.98,75.0,397.0,398.95,75.0
2025-10-01,09:20:02.000,397.98,75.0,397.0,398.95,75.0
2025-10-01,09:20:03.000,396.62,150.0,395.3,397.95,75.0
2025-10-01,09:20:04.000,396.62,150.0,395.3,397.95,75.0
2025-10-01,09:20:05.000,398.0,75.0,397.05,398.95,75.0
2025-10-01,09:20:06.000,399.02,75.0,398.1,399.95,75.0
2025-10-01,09:20:07.000,399.02,75.0,398.1,399.95,75.0
2025-10-01,09:20:08.000,397.85,150.0,396.75,398.95,300.0
2025-10-01,09:20:09.000,397.85,150.0,396.75,398.95,300.0
2025-10-01,09:20:10.000,398.35,150.0,397.7,399.0,150.0
2025-10-01,09:20:11.000,397.02,75.0,396.1,397.95,75.0
2025-10-01,09:20:12.000,397.02,75.0,396.1,397.95,75.0
2025-10-01,09:20:13.000,396.48,75.0,396.0,396.95,75.0
2025-10-01,09:20:14.000,396.48,75.0,396.0,396.95,75.0
2025-10-01,09:20:15.000,396.48,75.0,396.0,396.95,75.0
2025-10-01,09:20:16.000,395.1,75.0,394.25,395.95,75.0
2025-10-01,09:20:17.000,395.1,75.0,394.25,395.95,75.0
2025-10-01,09:20:18.000,396.12,75.0,395.3,396.95,150.0
2025-10-01,09:20:19.000,394.0,75.0,393.05,394.95,150.0
2025-10-01,09:20:20.000,394.0,75.0,393.05,394.95,150.0
2025-10-01,09:20:21.000,394.85,75.0,393.75,395.95,150.0
2025-10-01,09:20:22.000,394.85,75.0,393.75,395.95,150.0
2025-10-01,09:20:23.000,394.28,75.0,393.55,395.0,150.0
2025-10-01,09:20:24.000,394.28,75.0,393.55,395.0,150.0
2025-10-01,09:20:25.000,394.28,75.0,393.55,395.0,150.0
2025-10-01,09:20:26.000,393.45,75.0,392.9,394.0,150.0
2025-10-01,09:20:27.000,393.45,75.0,392.9,394.0,150.0
2025-10-01,09:20:28.000,394.1,75.0,393.25,394.95,150.0
2025-10-01,09:20:29.000,394.6,75.0,394.2,395.0,150.0
2025-10-01,09:20:30.000,394.6,75.0,394.2,395.0,150.0
2025-10-01,09:20:31.000,395.4,150.0,394.85,395.95,150.0
2025-10-01,09:20:32.000,395.4,150.0,394.85,395.95,150.0
2025-10-01,09:20:33.000,396.28,75.0,395.55,397.0,150.0
2025-10-01,09:20:34.000,395.8,225.0,394.65,396.95,150.0
2025-10-01,09:20:35.000,395.8,225.0,394.65,396.95,150.0
2025-10-01,09:20:36.000,396.05,150.0,395.1,397.0,225.0
2025-10-01,09:20:37.000,396.05,150.0,395.1,397.0,225.0
2025-10-01,09:20:38.000,395.52,75.0,394.4,396.65,225.0
2025-10-01,09:20:39.000,395.0,75.0,394.05,395.95,225.0
2025-10-01,09:20:40.000,395.0,75.0,394.05,395.95,225.0
2025-10-01,09:20:41.000,397.08,75.0,396.2,397.95,150.0
2025-10-01,09:20:42.000,397.3,75.0,396.65,397.95,150.0
2025-10-01,09:20:43.000,397.3,75.0,396.65,397.95,150.0
2025-10-01,09:20:44.000,397.05,75.0,396.1,398.0,150.0
2025-10-01,09:20:45.000,397.05,75.0,396.1,398.0,150.0
2025-10-01,09:20:46.000,397.12,150.0,396.3,397.95,150.0
2025-10-01,09:20:47.000,396.65,150.0,396.3,397.0,150.0
2025-10-01,09:20:48.000,396.65,150.0,396.3,397.0,150.0
2025-10-01,09:20:49.000,397.4,225.0,396.8,398.0,150.0
2025-10-01,09:20:50.000,397.4,225.0,396.8,398.0,150.0
2025-10-01,09:20:51.000,397.55,150.0,397.1,398.0,150.0
2025-10-01,09:20:52.000,397.52,150.0,397.1,397.95,150.0
2025-10-01,09:20:53.000,397.52,150.0,397.1,397.95,150.0
2025-10-01,09:20:54.000,398.55,75.0,397.15,399.95,225.0
2025-10-01,09:20:55.000,398.55,75.0,397.15,399.95,225.0
2025-10-01,09:20:56.000,400.32,75.0,399.65,401.0,150.0
2025-10-01,09:20:57.000,401.02,75.0,400.05,402.0,225.0
2025-10-01,09:20:58.000,401.02,75.0,400.05,402.0,225.0
2025-10-01,09:20:59.000,401.0,75.0,400.05,401.95,225.0
2025-10-01,09:21:00.000,401.52,150.0,401.1,401.95,150.0
2025-10-01,09:21:01.000,401.52,150.0,401.1,401.95,150.0
2025-10-01,09:21:02.000,400.35,150.0,399.75,400.95,225.0
2025-10-01,09:21:03.000,400.35,150.0,399.75,400.95,225.0
2025-10-01,09:21:04.000,399.0,75.0,398.05,399.95,225.0
2025-10-01,09:21:05.000,398.98,75.0,398.05,399.9,225.0
2025-10-01,09:21:06.000,398.98,75.0,398.05,399.9,225.0
2025-10-01,09:21:07.000,399.3,75.0,398.6,400.0,150.0
2025-10-01,09:21:08.000,399.3,75.0,398.6,400.0,150.0
2025-10-01,09:21:09.000,399.9,75.0,398.85,400.95,225.0
2025-10-01,09:21:10.000,400.42,75.0,399.85,401.0,150.0
2025-10-01,09:21:11.000,400.42,75.0,399.85,401.0,150.0
2025-10-01,09:21:12.000,399.45,75.0,398.95,399.95,150.0
2025-10-01,09:21:13.000,399.45,75.0,398.95,399.95,150.0
2025-10-01,09:21:14.000,400.12,75.0,399.3,400.95,225.0
2025-10-01,09:21:15.000,401.9,150.0,400.85,402.95,225.0
2025-10-01,09:21:16.000,401.9,150.0,400.85,402.95,225.0
2025-10-01,09:21:17.000,403.08,375.0,402.15,404.0,225.0
2025-10-01,09:21:18.000,403.08,375.0,402.15,404.0,225.0
2025-10-01,09:21:19.000,402.75,75.0,401.55,403.95,225.0
2025-10-01,09:21:20.000,402.02,150.0,401.1,402.95,225.0
2025-10-01,09:21:21.000,402.02,150.0,401.1,402.95,225.0
2025-10-01,09:21:22.000,400.05,75.0,399.1,401.0,150.0
2025-10-01,09:21:23.000,400.05,75.0,399.1,401.0,150.0
2025-10-01,09:21:24.000,400.32,75.0,399.65,401.0,225.0
2025-10-01,09:21:25.000,399.1,75.0,398.25,399.95,225.0
2025-10-01,09:21:26.000,399.1,75.0,398.25,399.95,225.0
2025-10-01,09:21:27.000,398.08,75.0,397.2,398.95,225.0
2025-10-01,09:21:28.000,398.08,75.0,397.2,398.95,225.0
2025-10-01,09:21:29.000,398.0,75.0,397.05,398.95,225.0
2025-10-01,09:21:30.000,398.15,150.0,397.4,398.9,225.0
2025-10-01,09:21:31.000,398.15,150.0,397.4,398.9,225.0
2025-10-01,09:21:32.000,398.52,375.0,398.05,399.0,150.0
2025-10-01,09:21:33.000,398.52,375.0,398.05,399.0,150.0
2025-10-01,09:21:34.000,399.4,150.0,398.8,400.0,225.0
2025-10-01,09:21:35.000,399.45,150.0,399.0,399.9,225.0
2025-10-01,09:21:36.000,399.45,150.0,399.0,399.9,225.0
2025-10-01,09:21:37.000,399.48,150.0,399.0,399.95,375.0
2025-10-01,09:21:38.000,399.48,150.0,399.0,399.95,375.0
2025-10-01,09:21:39.000,400.3,150.0,399.65,400.95,225.0
2025-10-01,09:21:40.000,400.2,75.0,399.45,400.95,225.0
2025-10-01,09:21:41.000,400.2,75.0,399.45,400.95,225.0
2025-10-01,09:21:42.000,400.1,75.0,399.25,400.95,225.0
2025-10-01,09:21:43.000,400.85,75.0,399.9,401.8,225.0
2025-10-01,09:21:44.000,400.85,75.0,399.9,401.8,225.0
2025-10-01,09:21:45.000,400.12,75.0,399.3,400.95,225.0
2025-10-01,09:21:46.000,400.12,75.0,399.3,400.95,225.0
2025-10-01,09:21:47.000,399.92,75.0,399.15,400.7,225.0
2025-10-01,09:21:48.000,399.92,75.0,399.15,400.7,225.0
2025-10-01,09:21:49.000,400.98,75.0,400.0,401.95,300.0
2025-10-01,09:21:50.000,401.15,75.0,400.35,401.95,225.0
2025-10-01,09:21:51.000,401.15,75.0,400.35,401.95,225.0
2025-10-01,09:21:52.000,400.75,75.0,399.8,401.7,225.0
2025-10-01,09:21:53.000,400.75,75.0,399.8,401.7,225.0
2025-10-01,09:21:54.000,400.42,75.0,399.45,401.4,225.0
2025-10-01,09:21:55.000,400.6,75.0,399.85,401.35,75.0
2025-10-01,09:21:56.000,400.6,75.0,399.85,401.35,75.0
2025-10-01,09:21:57.000,401.68,75.0,400.8,402.55,225.0
2025-10-01,09:21:58.000,401.68,75.0,400.8,402.55,225.0
2025-10-01,09:21:59.000,402.5,75.0,401.45,403.55,225.0
2025-10-01,09:22:00.000,403.42,75.0,402.85,404.0,150.0
2025-10-01,09:22:01.000,403.42,75.0,402.85,404.0,150.0
2025-10-01,09:22:02.000,403.6,75.0,402.7,404.5,225.0
2025-10-01,09:22:03.000,403.6,75.0,402.7,404.5,225.0
2025-10-01,09:22:04.000,403.05,75.0,402.25,403.85,225.0
2025-10-01,09:22:05.000,405.22,75.0,404.05,406.4,75.0
2025-10-01,09:22:06.000,405.22,75.0,404.05,406.4,75.0
2025-10-01,09:22:07.000,404.75,75.0,403.95,405.55,225.0
2025-10-01,09:22:08.000,404.75,75.0,403.95,405.55,225.0
2025-10-01,09:22:09.000,404.3,75.0,403.25,405.35,225.0
2025-10-01,09:22:10.000,404.33,75.0,403.3,405.35,225.0
2025-10-01,09:22:11.000,404.33,75.0,403.3,405.35,225.0
2025-10-01,09:22:12.000,403.5,75.0,402.05,404.95,225.0
2025-10-01,09:22:13.000,403.5,75.0,402.05,404.95,225.0
2025-10-01,09:22:14.000,404.28,75.0,403.55,405.0,150.0
2025-10-01,09:22:15.000,404.05,75.0,403.25,404.85,75.0
2025-10-01,09:22:16.000,404.05,75.0,403.25,404.85,75.0
2025-10-01,09:22:17.000,404.35,75.0,403.75,404.95,75.0
2025-10-01,09:22:18.000,404.35,75.0,403.75,404.95,75.0
2025-10-01,09:22:19.000,404.83,75.0,403.8,405.85,75.0
2025-10-01,09:22:20.000,404.62,225.0,403.6,405.65,225.0
2025-10-01,09:22:21.000,404.62,225.0,403.6,405.65,225.0
2025-10-01,09:22:22.000,405.08,75.0,404.15,406.0,225.0
2025-10-01,09:22:23.000,405.08,75.0,404.15,406.0,225.0
2025-10-01,09:22:24.000,405.0,225.0,404.05,405.95,75.0
2025-10-01,09:22:25.000,405.12,75.0,404.25,406.0,300.0
2025-10-01,09:22:26.000,405.12,75.0,404.25,406.0,300.0
2025-10-01,09:22:27.000,405.02,225.0,404.1,405.95,75.0
2025-10-01,09:22:28.000,404.78,75.0,403.55,406.0,225.0
2025-10-01,09:22:29.000,404.78,75.0,403.55,406.0,225.0
2025-10-01,09:22:30.000,403.95,225.0,402.95,404.95,75.0
2025-10-01,09:22:31.000,403.95,225.0,402.95,404.95,75.0
2025-10-01,09:22:32.000,404.25,75.0,403.55,404.95,75.0
2025-10-01,09:22:33.000,403.85,225.0,402.75,404.95,75.0
2025-10-01,09:22:34.000,403.85,225.0,402.75,404.95,75.0
2025-10-01,09:22:35.000,403.62,225.0,402.3,404.95,75.0
2025-10-01,09:22:36.000,403.62,225.0,402.3,404.95,75.0
2025-10-01,09:22:37.000,403.75,75.0,402.55,404.95,75.0
2025-10-01,09:22:38.000,402.92,225.0,401.9,403.95,75.0
2025-10-01,09:22:39.000,402.92,225.0,401.9,403.95,75.0
2025-10-01,09:22:40.000,402.98,75.0,402.0,403.95,75.0
2025-10-01,09:22:41.000,402.98,75.0,402.0,403.95,75.0
2025-10-01,09:22:42.000,403.1,75.0,402.25,403.95,75.0
2025-10-01,09:22:43.000,403.67,225.0,402.4,404.95,75.0
2025-10-01,09:22:44.000,403.67,225.0,402.4,404.95,75.0
2025-10-01,09:22:45.000,404.32,75.0,403.65,405.0,300.0
2025-10-01,09:22:46.000,404.32,75.0,403.65,405.0,300.0
2025-10-01,09:22:47.000,404.08,75.0,403.2,404.95,75.0
2025-10-01,09:22:48.000,403.52,225.0,402.1,404.95,75.0
2025-10-01,09:22:49.000,403.52,225.0,402.1,404.95,75.0
2025-10-01,09:22:50.000,404.25,75.0,403.55,404.95,75.0
2025-10-01,09:22:51.000,404.25,75.0,403.55,404.95,75.0
2025-10-01,09:22:52.000,403.85,225.0,402.75,404.95,75.0
2025-10-01,09:22:53.000,403.82,75.0,402.7,404.95,75.0
2025-10-01,09:22:54.000,403.82,75.0,402.7,404.95,75.0
2025-10-01,09:22:55.000,402.08,225.0,400.2,403.95,75.0
2025-10-01,09:22:56.000,402.08,225.0,400.2,403.95,75.0
2025-10-01,09:22:57.000,402.72,225.0,401.5,403.95,75.0
2025-10-01,09:22:58.000,400.82,150.0,399.7,401.95,75.0
2025-10-01,09:22:59.000,400.82,150.0,399.7,401.95,75.0
2025-10-01,09:23:00.000,402.28,225.0,400.95,403.6,75.0
2025-10-01,09:23:01.000,402.28,225.0,400.95,403.6,75.0
2025-10-01,09:23:02.000,401.78,75.0,400.6,402.95,75.0
2025-10-01,09:23:03.000,401.88,225.0,400.75,403.0,150.0
2025-10-01,09:23:04.000,401.88,225.0,400.75,403.0,150.0
2025-10-01,09:23:05.000,400.9,225.0,399.85,401.95,75.0
2025-10-01,09:23:06.000,400.9,225.0,399.85,401.95,75.0
2025-10-01,09:23:07.000,401.82,75.0,400.7,402.95,75.0
2025-10-01,09:23:08.000,402.08,225.0,401.2,402.95,75.0
2025-10-01,09:23:09.000,402.08,225.0,401.2,402.95,75.0
2025-10-01,09:23:10.000,400.9,75.0,399.8,402.0,225.0
2025-10-01,09:23:11.000,400.9,75.0,399.8,402.0,225.0
2025-10-01,09:23:12.000,401.08,75.0,400.2,401.95,75.0
2025-10-01,09:23:13.000,402.95,225.0,401.95,403.95,75.0
2025-10-01,09:23:14.000,402.95,225.0,401.95,403.95,75.0
2025-10-01,09:23:15.000,402.9,75.0,402.2,403.6,75.0
2025-10-01,09:23:16.000,402.9,75.0,402.2,403.6,75.0
2025-10-01,09:23:17.000,404.42,75.0,403.85,405.0,150.0
2025-10-01,09:23:18.000,404.92,75.0,403.9,405.95,75.0
2025-10-01,09:23:19.000,404.92,75.0,403.9,405.95,75.0
2025-10-01,09:23:20.000,405.0,225.0,404.05,405.95,75.0
2025-10-01,09:23:21.000,405.0,225.0,404.05,405.95,75.0
2025-10-01,09:23:22.000,404.7,75.0,403.45,405.95,75.0
2025-10-01,09:23:23.000,404.05,75.0,403.15,404.95,75.0
2025-10-01,09:23:24.000,404.05,75.0,403.15,404.95,75.0
2025-10-01,09:23:25.000,403.12,75.0,402.3,403.95,75.0
2025-10-01,09:23:26.000,403.12,75.0,402.3,403.95,75.0
2025-10-01,09:23:27.000,402.22,75.0,401.45,403.0,225.0
2025-10-01,09:23:28.000,402.18,225.0,401.35,403.0,225.0
2025-10-01,09:23:29.000,402.18,225.0,401.35,403.0,225.0
2025-10-01,09:23:30.000,402.6,225.0,401.35,403.85,75.0
2025-10-01,09:23:31.000,402.6,225.0,401.35,403.85,75.0
2025-10-01,09:23:32.000,403.15,75.0,402.4,403.9,75.0
2025-10-01,09:23:33.000,403.12,75.0,402.3,403.95,75.0
2025-10-01,09:23:34.000,403.12,75.0,402.3,403.95,75.0
2025-10-01,09:23:35.000,402.92,75.0,401.9,403.95,75.0
2025-10-01,09:23:36.000,402.92,75.0,401.9,403.95,75.0
2025-10-01,09:23:37.000,402.0,150.0,401.05,402.95,75.0
2025-10-01,09:23:38.000,401.35,75.0,399.75,402.95,75.0
2025-10-01,09:23:39.000,401.35,75.0,399.75,402.95,75.0
2025-10-01,09:23:40.000,401.0,75.0,400.05,401.95,75.0
2025-10-01,09:23:41.000,401.0,75.0,400.05,401.95,75.0
2025-10-01,09:23:42.000,402.08,75.0,401.2,402.95,75.0
2025-10-01,09:23:43.000,402.25,75.0,401.5,403.0,150.0
2025-10-01,09:23:44.000,402.25,75.0,401.5,403.0,150.0
2025-10-01,09:23:45.000,402.18,75.0,401.35,403.0,150.0
2025-10-01,09:23:46.000,402.18,75.0,401.35,403.0,150.0
2025-10-01,09:23:47.000,401.95,75.0,400.9,403.0,150.0
2025-10-01,09:23:48.000,402.08,75.0,401.15,403.0,150.0
2025-10-01,09:23:49.000,402.08,75.0,401.15,403.0,150.0
2025-10-01,09:23:50.000,402.35,75.0,401.7,403.0,150.0
2025-10-01,09:23:51.000,402.35,75.0,401.7,403.0,150.0
2025-10-01,09:23:52.000,403.95,75.0,402.9,405.0,150.0
2025-10-01,09:23:53.000,404.15,75.0,403.3,405.0,150.0
2025-10-01,09:23:54.000,404.15,75.0,403.3,405.0,150.0
2025-10-01,09:23:55.000,405.55,75.0,404.1,407.0,150.0
2025-10-01,09:23:56.000,405.55,75.0,404.1,407.0,150.0
2025-10-01,09:23:57.000,405.02,150.0,404.05,406.0,150.0
2025-10-01,09:23:58.000,405.82,75.0,404.7,406.95,75.0
2025-10-01,09:23:59.000,405.82,75.0,404.7,406.95,75.0
2025-10-01,09:24:00.000,407.38,150.0,405.85,408.9,75.0
2025-10-01,09:24:01.000,407.38,150.0,405.85,408.9,75.0
2025-10-01,09:24:02.000,406.18,75.0,405.35,407.0,150.0
2025-10-01,09:24:03.000,406.32,150.0,405.65,407.0,150.0
2025-10-01,09:24:04.000,406.32,150.0,405.65,407.0,150.0
2025-10-01,09:24:05.000,406.42,75.0,405.0,407.85,75.0
2025-10-01,09:24:06.000,406.42,75.0,405.0,407.85,75.0
2025-10-01,09:24:07.000,406.7,225.0,405.45,407.95,75.0
2025-10-01,09:24:08.000,407.02,225.0,406.1,407.95,75.0
2025-10-01,09:24:09.000,407.02,225.0,406.1,407.95,75.0
2025-10-01,09:24:10.000,406.62,225.0,405.5,407.75,75.0
2025-10-01,09:24:11.000,406.62,225.0,405.5,407.75,75.0
2025-10-01,09:24:12.000,406.68,75.0,405.5,407.85,75.0
2025-10-01,09:24:13.000,406.68,75.0,405.5,407.85,75.0
2025-10-01,09:24:14.000,406.62,75.0,405.45,407.8,75.0
2025-10-01,09:24:15.000,406.35,75.0,405.1,407.6,75.0
2025-10-01,09:24:16.000,406.35,75.0,405.1,407.6,75.0
2025-10-01,09:24:17.000,407.02,75.0,406.1,407.95,75.0
2025-10-01,09:24:18.000,407.02,75.0,406.1,407.95,75.0
2025-10-01,09:24:19.000,406.88,225.0,405.9,407.85,75.0
2025-10-01,09:24:20.000,407.95,150.0,406.95,408.95,75.0
2025-10-01,09:24:21.000,407.95,150.0,406.95,408.95,75.0
2025-10-01,09:24:22.000,407.85,225.0,406.9,408.8,75.0
2025-10-01,09:24:23.000,407.85,225.0,406.9,408.8,75.0
2025-10-01,09:24:24.000,407.08,150.0,406.2,407.95,75.0
2025-10-01,09:24:25.000,406.9,225.0,406.0,407.8,75.0
2025-10-01,09:24:26.000,406.9,225.0,406.0,407.8,75.0
2025-10-01,09:24:27.000,408.25,75.0,407.2,409.3,75.0
2025-10-01,09:24:28.000,408.25,75.0,407.2,409.3,75.0
2025-10-01,09:24:29.000,407.28,75.0,406.6,407.95,75.0
2025-10-01,09:24:30.000,407.78,225.0,406.9,408.65,75.0
2025-10-01,09:24:31.000,407.78,225.0,406.9,408.65,75.0
2025-10-01,09:24:32.000,406.28,75.0,405.6,406.95,75.0
2025-10-01,09:24:33.000,405.92,150.0,405.05,406.8,75.0
2025-10-01,09:24:34.000,405.92,150.0,405.05,406.8,75.0
2025-10-01,09:24:35.000,404.8,75.0,403.8,405.8,75.0
2025-10-01,09:24:36.000,404.8,75.0,403.8,405.8,75.0
2025-10-01,09:24:37.000,404.25,75.0,403.55,404.95,75.0
2025-10-01,09:24:38.000,404.9,150.0,404.05,405.75,75.0
2025-10-01,09:24:39.000,404.9,150.0,404.05,405.75,75.0
2025-10-01,09:24:40.000,404.22,75.0,403.5,404.95,75.0
2025-10-01,09:24:41.000,404.22,75.0,403.5,404.95,75.0
2025-10-01,09:24:42.000,404.22,75.0,403.5,404.95,75.0
2025-10-01,09:24:43.000,405.15,75.0,404.35,405.95,75.0
2025-10-01,09:24:44.000,405.15,75.0,404.35,405.95,75.0
2025-10-01,09:24:45.000,405.15,75.0,404.35,405.95,75.0
2025-10-01,09:24:46.000,405.15,75.0,404.35,405.95,75.0
2025-10-01,09:24:47.000,405.42,75.0,404.85,406.0,150.0
2025-10-01,09:24:48.000,405.2,75.0,404.45,405.95,75.0
2025-10-01,09:24:49.000,405.2,75.0,404.45,405.95,75.0
2025-10-01,09:24:50.000,407.15,75.0,406.3,408.0,150.0
2025-10-01,09:24:51.000,407.15,75.0,406.3,408.0,150.0
2025-10-01,09:24:52.000,407.35,75.0,406.75,407.95,75.0
2025-10-01,09:24:53.000,408.22,75.0,407.5,408.95,75.0
2025-10-01,09:24:54.000,408.22,75.0,407.5,408.95,75.0
2025-10-01,09:24:55.000,408.35,75.0,407.75,408.95,75.0
2025-10-01,09:24:56.000,408.35,75.0,407.75,408.95,75.0
2025-10-01,09:24:57.000,408.78,75.0,407.65,409.9,75.0
2025-10-01,09:24:58.000,408.15,75.0,407.35,408.95,75.0
2025-10-01,09:24:59.000,408.15,75.0,407.35,408.95,75.0
2025-10-01,09:25:00.000,409.98,75.0,408.6,411.35,75.0
2025-10-01,09:25:01.000,409.98,75.0,408.6,411.35,75.0
2025-10-01,09:25:02.000,408.35,75.0,407.75,408.95,75.0
2025-10-01,09:25:03.000,409.17,75.0,408.4,409.95,75.0
2025-10-01,09:25:04.000,409.17,75.0,408.4,409.95,75.0
2025-10-01,09:25:05.000,409.25,150.0,408.55,409.95,75.0
2025-10-01,09:25:06.000,409.25,150.0,408.55,409.95,75.0
2025-10-01,09:25:07.000,408.65,75.0,407.6,409.7,75.0
2025-10-01,09:25:08.000,407.85,150.0,407.0,408.7,75.0
2025-10-01,09:25:09.000,407.85,150.0,407.0,408.7,75.0
2025-10-01,09:25:10.000,408.95,150.0,408.05,409.85,75.0
2025-10-01,09:25:11.000,408.95,150.0,408.05,409.85,75.0
2025-10-01,09:25:12.000,409.12,75.0,408.3,409.95,75.0
2025-10-01,09:25:13.000,409.95,75.0,408.95,410.95,75.0
2025-10-01,09:25:14.000,409.95,75.0,408.95,410.95,75.0
2025-10-01,09:25:15.000,409.98,150.0,408.95,411.0,150.0
2025-10-01,09:25:16.000,409.98,150.0,408.95,411.0,150.0
2025-10-01,09:25:17.000,410.92,75.0,409.85,412.0,150.0
2025-10-01,09:25:18.000,411.02,150.0,410.05,412.0,150.0
2025-10-01,09:25:19.000,411.02,150.0,410.05,412.0,150.0
2025-10-01,09:25:20.000,410.98,75.0,409.95,412.0,150.0
2025-10-01,09:25:21.000,410.78,75.0,409.6,411.95,75.0
2025-10-01,09:25:22.000,410.78,75.0,409.6,411.95,75.0
2025-10-01,09:25:23.000,409.82,75.0,408.7,410.95,75.0
2025-10-01,09:25:24.000,409.82,75.0,408.7,410.95,75.0
2025-10-01,09:25:25.000,410.05,150.0,409.1,411.0,150.0
2025-10-01,09:25:26.000,410.0,150.0,409.05,410.95,75.0
2025-10-01,09:25:27.000,410.0,150.0,409.05,410.95,75.0
2025-10-01,09:25:28.000,409.22,75.0,408.45,410.0,150.0
2025-10-01,09:25:29.000,409.22,75.0,408.45,410.0,150.0
2025-10-01,09:25:30.000,410.08,75.0,409.2,410.95,75.0
2025-10-01,09:25:31.000,409.0,150.0,408.05,409.95,75.0
2025-10-01,09:25:32.000,409.0,150.0,408.05,409.95,75.0
2025-10-01,09:25:33.000,409.82,75.0,408.7,410.95,75.0
2025-10-01,09:25:34.000,409.82,75.0,408.7,410.95,75.0
2025-10-01,09:25:35.000,409.9,75.0,408.85,410.95,75.0
2025-10-01,09:25:36.000,410.2,225.0,409.45,410.95,75.0
2025-10-01,09:25:37.000,410.2,225.0,409.45,410.95,75.0
2025-10-01,09:25:38.000,410.3,75.0,409.65,410.95,75.0
2025-10-01,09:25:39.000,410.3,75.0,409.65,410.95,75.0
2025-10-01,09:25:40.000,412.12,75.0,411.25,413.0,225.0
2025-10-01,09:25:41.000,412.35,75.0,411.7,413.0,225.0
2025-10-01,09:25:42.000,412.35,75.0,411.7,413.0,225.0
2025-10-01,09:25:43.000,412.12,225.0,411.3,412.95,75.0
2025-10-01,09:25:44.000,412.12,225.0,411.3,412.95,75.0
2025-10-01,09:25:45.000,411.1,225.0,410.25,411.95,75.0
2025-10-01,09:25:46.000,411.17,225.0,410.4,411.95,75.0
2025-10-01,09:25:47.000,411.17,225.0,410.4,411.95,75.0
2025-10-01,09:25:48.000,412.08,75.0,411.2,412.95,75.0
2025-10-01,09:25:49.000,412.08,75.0,411.2,412.95,75.0
2025-10-01,09:25:50.000,412.17,75.0,411.4,412.95,75.0
2025-10-01,09:25:51.000,412.17,225.0,411.4,412.95,75.0
2025-10-01,09:25:52.000,412.17,225.0,411.4,412.95,75.0
2025-10-01,09:25:53.000,411.3,225.0,410.65,411.95,75.0
2025-10-01,09:25:54.000,411.3,225.0,410.65,411.95,75.0
2025-10-01,09:25:55.000,411.25,150.0,410.55,411.95,75.0
2025-10-01,09:25:56.000,411.28,225.0,410.6,411.95,75.0
2025-10-01,09:25:57.000,411.28,225.0,410.6,411.95,75.0
2025-10-01,09:25:58.000,411.08,150.0,410.2,411.95,75.0
2025-10-01,09:25:59.000,411.08,150.0,410.2,411.95,75.0
2025-10-01,09:26:00.000,410.0,225.0,409.05,410.95,75.0
2025-10-01,09:26:01.000,410.0,300.0,409.05,410.95,75.0
2025-10-01,09:26:02.000,410.0,300.0,409.05,410.95,75.0
2025-10-01,09:26:03.000,410.0,225.0,409.05,410.95,75.0
2025-10-01,09:26:04.000,410.0,225.0,409.05,410.95,75.0
2025-10-01,09:26:05.000,409.82,150.0,408.7,410.95,75.0
2025-10-01,09:26:06.000,408.9,75.0,407.85,409.95,75.0
2025-10-01,09:26:07.000,408.9,75.0,407.85,409.95,75.0
2025-10-01,09:26:08.000,408.0,225.0,407.05,408.95,75.0
2025-10-01,09:26:09.000,408.0,225.0,407.05,408.95,75.0
2025-10-01,09:26:10.000,408.25,75.0,407.55,408.95,75.0
2025-10-01,09:26:11.000,407.25,75.0,406.55,407.95,75.0
2025-10-01,09:26:12.000,407.25,75.0,406.55,407.95,75.0
2025-10-01,09:26:13.000,406.82,75.0,405.7,407.95,75.0
2025-10-01,09:26:14.000,406.82,75.0,405.7,407.95,75.0
2025-10-01,09:26:15.000,405.2,75.0,404.45,405.95,75.0
2025-10-01,09:26:16.000,405.17,150.0,404.4,405.95,75.0
2025-10-01,09:26:17.000,405.17,150.0,404.4,405.95,75.0
2025-10-01,09:26:18.000,405.95,225.0,404.95,406.95,75.0
2025-10-01,09:26:19.000,405.95,225.0,404.95,406.95,75.0
2025-10-01,09:26:20.000,408.08,150.0,407.25,408.9,75.0
2025-10-01,09:26:21.000,409.0,75.0,408.15,409.85,75.0
2025-10-01,09:26:22.000,409.0,75.0,408.15,409.85,75.0
2025-10-01,09:26:23.000,409.0,75.0,408.15,409.85,75.0
2025-10-01,09:26:24.000,409.0,75.0,408.15,409.85,75.0
2025-10-01,09:26:25.000,409.2,75.0,408.45,409.95,75.0
2025-10-01,09:26:26.000,409.65,150.0,408.6,410.7,75.0
2025-10-01,09:26:27.000,409.65,150.0,408.6,410.7,75.0
2025-10-01,09:26:28.000,409.75,150.0,408.55,410.95,75.0
2025-10-01,09:26:29.000,409.75,150.0,408.55,410.95,75.0
2025-10-01,09:26:30.000,408.9,75.0,407.9,409.9,300.0
2025-10-01,09:26:31.000,409.1,75.0,408.2,410.0,150.0
2025-10-01,09:26:32.000,409.1,75.0,408.2,410.0,150.0
2025-10-01,09:26:33.000,409.55,75.0,408.6,410.5,225.0
2025-10-01,09:26:34.000,409.55,75.0,408.6,410.5,225.0
2025-10-01,09:26:35.000,409.08,150.0,408.2,409.95,75.0
2025-10-01,09:26:36.000,409.55,75.0,408.6,410.5,225.0
2025-10-01,09:26:37.000,409.55,75.0,408.6,410.5,225.0
2025-10-01,09:26:38.000,409.98,150.0,409.2,410.75,225.0
2025-10-01,09:26:39.000,409.98,150.0,409.2,410.75,225.0
2025-10-01,09:26:40.000,409.85,75.0,408.95,410.75,225.0
2025-10-01,09:26:41.000,411.0,75.0,410.05,411.95,75.0
2025-10-01,09:26:42.000,411.0,75.0,410.05,411.95,75.0
2025-10-01,09:26:43.000,412.0,75.0,411.05,412.95,75.0
2025-10-01,09:26:44.000,411.82,150.0,410.7,412.95,75.0
2025-10-01,09:26:45.000,411.82,150.0,410.7,412.95,75.0
2025-10-01,09:26:46.000,411.08,150.0,410.2,411.95,75.0
2025-10-01,09:26:47.000,411.08,150.0,410.2,411.95,75.0
2025-10-01,09:26:48.000,410.95,150.0,409.95,411.95,75.0
2025-10-01,09:26:49.000,411.1,75.0,410.25,411.95,75.0
2025-10-01,09:26:50.000,411.1,75.0,410.25,411.95,75.0
2025-10-01,09:26:51.000,412.28,75.0,411.6,412.95,75.0
2025-10-01,09:26:52.000,412.28,75.0,411.6,412.95,75.0
2025-10-01,09:26:53.000,411.45,75.0,410.9,412.0,150.0
2025-10-01,09:26:54.000,412.02,150.0,411.1,412.95,75.0
2025-10-01,09:26:55.000,412.02,150.0,411.1,412.95,75.0
2025-10-01,09:26:56.000,412.15,150.0,411.35,412.95,75.0
2025-10-01,09:26:57.000,412.15,150.0,411.35,412.95,75.0
2025-10-01,09:26:58.000,411.9,150.0,410.85,412.95,75.0
2025-10-01,09:26:59.000,412.1,150.0,411.25,412.95,75.0
2025-10-01,09:27:00.000,412.1,150.0,411.25,412.95,75.0
2025-10-01,09:27:01.000,412.22,150.0,411.5,412.95,75.0
2025-10-01,09:27:02.000,412.22,150.0,411.5,412.95,75.0
2025-10-01,09:27:03.000,412.1,75.0,411.3,412.9,225.0
2025-10-01,09:27:04.000,411.85,150.0,410.8,412.9,225.0
2025-10-01,09:27:05.000,411.85,150.0,410.8,412.9,225.0
2025-10-01,09:27:06.000,410.98,300.0,410.0,411.95,75.0
2025-10-01,09:27:07.000,410.98,300.0,410.0,411.95,75.0
2025-10-01,09:27:08.000,411.75,75.0,410.65,412.85,75.0
2025-10-01,09:27:09.000,411.92,75.0,411.0,412.85,75.0
2025-10-01,09:27:10.000,411.92,75.0,411.0,412.85,75.0
2025-10-01,09:27:11.000,412.32,150.0,411.65,413.0,150.0
2025-10-01,09:27:12.000,412.32,150.0,411.65,413.0,150.0
2025-10-01,09:27:13.000,412.25,150.0,411.55,412.95,75.0
2025-10-01,09:27:14.000,411.9,150.0,410.85,412.95,75.0
2025-10-01,09:27:15.000,411.9,150.0,410.85,412.95,75.0
2025-10-01,09:27:16.000,412.2,75.0,411.45,412.95,75.0
2025-10-01,09:27:17.000,412.2,75.0,411.45,412.95,75.0
2025-10-01,09:27:18.000,412.17,75.0,411.4,412.95,75.0
2025-10-01,09:27:19.000,411.2,150.0,410.45,411.95,75.0
2025-10-01,09:27:20.000,411.2,150.0,410.45,411.95,75.0
2025-10-01,09:27:21.000,411.32,150.0,410.65,412.0,150.0
2025-10-01,09:27:22.000,411.32,150.0,410.65,412.0,150.0
2025-10-01,09:27:23.000,411.25,150.0,410.55,411.95,75.0
2025-10-01,09:27:24.000,411.05,225.0,410.15,411.95,75.0
2025-10-01,09:27:25.000,411.05,225.0,410.15,411.95,75.0
2025-10-01,09:27:26.000,410.3,150.0,409.65,410.95,75.0
2025-10-01,09:27:27.000,410.3,150.0,409.65,410.95,75.0
2025-10-01,09:27:28.000,411.83,150.0,410.8,412.85,75.0
2025-10-01,09:27:29.000,412.1,150.0,411.35,412.85,75.0
2025-10-01,09:27:30.000,412.1,150.0,411.35,412.85,75.0
2025-10-01,09:27:31.000,414.15,75.0,413.35,414.95,75.0
2025-10-01,09:27:32.000,414.15,75.0,413.35,414.95,75.0
2025-10-01,09:27:33.000,413.9,75.0,412.85,414.95,75.0
2025-10-01,09:27:34.000,413.1,150.0,412.25,413.95,75.0
2025-10-01,09:27:35.000,413.1,150.0,412.25,413.95,75.0
2025-10-01,09:27:36.000,413.22,150.0,412.45,414.0,150.0
2025-10-01,09:27:37.000,413.22,150.0,412.45,414.0,150.0
2025-10-01,09:27:38.000,413.12,150.0,412.3,413.95,75.0
2025-10-01,09:27:39.000,412.98,150.0,412.0,413.95,75.0
2025-10-01,09:27:40.000,412.98,150.0,412.0,413.95,75.0
2025-10-01,09:27:41.000,412.28,150.0,411.6,412.95,75.0
2025-10-01,09:27:42.000,412.28,150.0,411.6,412.95,75.0
2025-10-01,09:27:43.000,411.92,150.0,410.9,412.95,75.0
2025-10-01,09:27:44.000,412.12,150.0,411.3,412.95,75.0
2025-10-01,09:27:45.000,412.12,150.0,411.3,412.95,75.0
2025-10-01,09:27:46.000,412.1,150.0,411.25,412.95,75.0
2025-10-01,09:27:47.000,412.1,150.0,411.25,412.95,75.0
2025-10-01,09:27:48.000,412.17,150.0,411.4,412.95,75.0
2025-10-01,09:27:49.000,412.3,75.0,411.65,412.95,75.0
2025-10-01,09:27:50.000,412.3,75.0,411.65,412.95,75.0
2025-10-01,09:27:51.000,412.25,150.0,411.55,412.95,75.0
2025-10-01,09:27:52.000,412.25,150.0,411.55,412.95,75.0
2025-10-01,09:27:53.000,412.05,150.0,411.15,412.95,75.0
2025-10-01,09:27:54.000,412.05,75.0,411.15,412.95,75.0
2025-10-01,09:27:55.000,412.05,75.0,411.15,412.95,75.0
2025-10-01,09:27:56.000,412.08,75.0,411.2,412.95,75.0
2025-10-01,09:27:57.000,412.08,75.0,411.2,412.95,75.0
2025-10-01,09:27:58.000,411.32,150.0,410.7,411.95,75.0
2025-10-01,09:27:59.000,411.8,225.0,410.65,412.95,75.0
2025-10-01,09:28:00.000,411.8,225.0,410.65,412.95,75.0
2025-10-01,09:28:01.000,412.88,75.0,411.8,413.95,75.0
2025-10-01,09:28:02.000,412.88,75.0,411.8,413.95,75.0
2025-10-01,09:28:03.000,413.08,150.0,412.2,413.95,75.0
2025-10-01,09:28:04.000,413.12,75.0,412.3,413.95,75.0
2025-10-01,09:28:05.000,413.12,75.0,412.3,413.95,75.0
2025-10-01,09:28:06.000,412.85,150.0,411.75,413.95,75.0
2025-10-01,09:28:07.000,412.85,150.0,411.75,413.95,75.0
2025-10-01,09:28:08.000,413.78,150.0,412.6,414.95,75.0
2025-10-01,09:28:09.000,413.25,75.0,412.5,414.0,150.0
2025-10-01,09:28:10.000,413.25,75.0,412.5,414.0,150.0
2025-10-01,09:28:11.000,413.78,150.0,412.95,414.6,225.0
2025-10-01,09:28:12.000,413.78,150.0,412.95,414.6,225.0
2025-10-01,09:28:13.000,414.1,150.0,413.25,414.95,75.0
2025-10-01,09:28:14.000,414.02,150.0,413.05,415.0,150.0
2025-10-01,09:28:15.000,414.02,150.0,413.05,415.0,150.0
2025-10-01,09:28:16.000,413.0,150.0,412.05,413.95,75.0
2025-10-01,09:28:17.000,413.0,150.0,412.05,413.95,75.0
2025-10-01,09:28:18.000,413.95,150.0,413.05,414.85,75.0
2025-10-01,09:28:19.000,413.0,225.0,412.2,413.8,75.0
2025-10-01,09:28:20.000,413.0,225.0,412.2,413.8,75.0
2025-10-01,09:28:21.000,412.6,150.0,411.7,413.5,75.0
2025-10-01,09:28:22.000,412.6,150.0,411.7,413.5,75.0
2025-10-01,09:28:23.000,413.0,75.0,412.15,413.85,75.0
2025-10-01,09:28:24.000,414.15,150.0,413.4,414.9,75.0
2025-10-01,09:28:25.000,414.15,150.0,413.4,414.9,75.0
2025-10-01,09:28:26.000,414.38,150.0,413.75,415.0,150.0
2025-10-01,09:28:27.000,414.38,150.0,413.75,415.0,150.0
2025-10-01,09:28:28.000,414.95,150.0,414.0,415.9,75.0
2025-10-01,09:28:29.000,414.98,150.0,414.05,415.9,75.0
2025-10-01,09:28:30.000,414.98,150.0,414.05,415.9,75.0
2025-10-01,09:28:31.000,415.9,150.0,415.15,416.65,75.0
2025-10-01,09:28:32.000,415.9,150.0,415.15,416.65,75.0
2025-10-01,09:28:33.000,415.15,150.0,414.35,415.95,75.0
2025-10-01,09:28:34.000,415.32,150.0,414.7,415.95,75.0
2025-10-01,09:28:35.000,415.32,150.0,414.7,415.95,75.0
2025-10-01,09:28:36.000,416.17,150.0,415.4,416.95,75.0
2025-10-01,09:28:37.000,416.17,150.0,415.4,416.95,75.0
2025-10-01,09:28:38.000,416.22,75.0,415.5,416.95,75.0
2025-10-01,09:28:39.000,415.62,75.0,414.7,416.55,75.0
2025-10-01,09:28:40.000,415.62,75.0,414.7,416.55,75.0
2025-10-01,09:28:41.000,415.62,150.0,414.7,416.55,75.0
2025-10-01,09:28:42.000,415.62,150.0,414.7,416.55,75.0
2025-10-01,09:28:43.000,415.05,75.0,414.3,415.8,75.0
2025-10-01,09:28:44.000,415.62,75.0,414.7,416.55,75.0
2025-10-01,09:28:45.000,415.62,75.0,414.7,416.55,75.0
2025-10-01,09:28:46.000,415.65,150.0,414.75,416.55,75.0
2025-10-01,09:28:47.000,415.65,150.0,414.75,416.55,75.0
2025-10-01,09:28:48.000,415.78,150.0,415.0,416.55,75.0
2025-10-01,09:28:49.000,415.08,75.0,414.35,415.8,75.0
2025-10-01,09:28:50.000,415.08,75.0,414.35,415.8,75.0
2025-10-01,09:28:51.000,414.72,75.0,413.65,415.8,75.0
2025-10-01,09:28:52.000,414.72,75.0,413.65,415.8,75.0
2025-10-01,09:28:53.000,414.18,150.0,413.55,414.8,75.0
2025-10-01,09:28:54.000,415.15,75.0,414.45,415.85,75.0
2025-10-01,09:28:55.000,415.15,75.0,414.45,415.85,75.0
2025-10-01,09:28:56.000,414.95,150.0,414.1,415.8,75.0
2025-10-01,09:28:57.000,414.95,150.0,414.1,415.8,75.0
2025-10-01,09:28:58.000,414.8,150.0,413.8,415.8,75.0
2025-10-01,09:28:59.000,414.08,75.0,413.35,414.8,75.0
2025-10-01,09:29:00.000,414.08,75.0,413.35,414.8,75.0
2025-10-01,09:29:01.000,414.78,75.0,413.75,415.8,75.0
2025-10-01,09:29:02.000,414.78,75.0,413.75,415.8,75.0
2025-10-01,09:29:03.000,414.02,150.0,413.25,414.8,75.0
2025-10-01,09:29:04.000,414.58,75.0,413.8,415.35,75.0
2025-10-01,09:29:05.000,414.58,75.0,413.8,415.35,75.0
2025-10-01,09:29:06.000,414.52,75.0,413.65,415.4,75.0
2025-10-01,09:29:07.000,414.52,75.0,413.65,415.4,75.0
2025-10-01,09:29:08.000,413.92,150.0,413.4,414.45,75.0
2025-10-01,09:29:09.000,414.1,75.0,413.45,414.75,75.0
2025-10-01,09:29:10.000,414.1,75.0,413.45,414.75,75.0
2025-10-01,09:29:11.000,413.83,150.0,413.1,414.55,75.0
2025-10-01,09:29:12.000,413.83,150.0,413.1,414.55,75.0
2025-10-01,09:29:13.000,414.08,75.0,413.35,414.8,75.0
2025-10-01,09:29:14.000,413.98,75.0,413.35,414.6,75.0
2025-10-01,09:29:15.000,413.98,75.0,413.35,414.6,75.0
2025-10-01,09:29:16.000,413.9,75.0,413.1,414.7,75.0
2025-10-01,09:29:17.000,413.9,75.0,413.1,414.7,75.0
2025-10-01,09:29:18.000,412.78,225.0,412.0,413.55,75.0
2025-10-01,09:29:19.000,413.1,75.0,412.4,413.8,75.0
2025-10-01,09:29:20.000,413.1,75.0,412.4,413.8,75.0
2025-10-01,09:29:21.000,413.75,150.0,413.0,414.5,75.0
2025-10-01,09:29:22.000,413.75,150.0,413.0,414.5,75.0
2025-10-01,09:29:23.000,416.3,75.0,415.65,416.95,75.0
2025-10-01,09:29:24.000,415.2,75.0,414.45,415.95,150.0
2025-10-01,09:29:25.000,415.2,75.0,414.45,415.95,150.0
2025-10-01,09:29:26.000,416.3,75.0,415.65,416.95,150.0
2025-10-01,09:29:27.000,416.3,75.0,415.65,416.95,150.0
2025-10-01,09:29:28.000,415.67,75.0,414.65,416.7,75.0
2025-10-01,09:29:29.000,415.88,150.0,415.05,416.7,75.0
2025-10-01,09:29:30.000,415.88,150.0,415.05,416.7,75.0
2025-10-01,09:29:31.000,416.02,75.0,415.2,416.85,75.0
2025-10-01,09:29:32.000,416.02,75.0,415.2,416.85,75.0
2025-10-01,09:29:33.000,415.92,150.0,415.05,416.8,75.0
2025-10-01,09:29:34.000,415.83,75.0,414.85,416.8,75.0
2025-10-01,09:29:35.000,415.83,75.0,414.85,416.8,75.0
2025-10-01,09:29:36.000,415.92,150.0,415.05,416.8,75.0
2025-10-01,09:29:37.000,415.92,150.0,415.05,416.8,75.0
2025-10-01,09:29:38.000,416.0,75.0,415.35,416.65,75.0
2025-10-01,09:29:39.000,417.02,75.0,416.25,417.8,75.0
2025-10-01,09:29:40.000,417.02,75.0,416.25,417.8,75.0
2025-10-01,09:29:41.000,417.22,75.0,416.5,417.95,75.0
2025-10-01,09:29:42.000,417.22,75.0,416.5,417.95,75.0
2025-10-01,09:29:43.000,416.6,75.0,415.5,417.7,75.0
2025-10-01,09:29:44.000,416.6,150.0,416.0,417.2,75.0
2025-10-01,09:29:45.000,416.6,150.0,416.0,417.2,75.0
2025-10-01,09:29:46.000,416.22,75.0,415.5,416.95,75.0
2025-10-01,09:29:47.000,416.22,75.0,415.5,416.95,75.0
2025-10-01,09:29:48.000,416.3,75.0,415.55,417.05,75.0
2025-10-01,09:29:49.000,414.55,150.0,413.15,415.95,75.0
2025-10-01,09:29:50.000,414.55,150.0,413.15,415.95,75.0
2025-10-01,09:29:51.000,415.25,75.0,414.55,415.95,75.0
2025-10-01,09:29:52.000,415.25,75.0,414.55,415.95,75.0
2025-10-01,09:29:53.000,415.45,75.0,414.75,416.15,150.0
2025-10-01,09:29:54.000,416.4,75.0,415.65,417.15,75.0
2025-10-01,09:29:55.000,416.4,75.0,415.65,417.15,75.0
2025-10-01,09:29:56.000,416.45,75.0,415.85,417.05,75.0
2025-10-01,09:29:57.000,416.45,75.0,415.85,417.05,75.0
2025-10-01,09:29:58.000,417.1,75.0,416.45,417.75,75.0
2025-10-01,09:29:59.000,416.9,75.0,416.25,417.55,75.0
2025-10-01,09:30:00.000,416.9,75.0,416.25,417.55,75.0
2025-10-01,09:30:01.000,416.08,75.0,415.3,416.85,75.0
2025-10-01,09:30:02.000,416.08,75.0,415.3,416.85,75.0
2025-10-01,09:30:03.000,416.8,75.0,416.15,417.45,75.0
2025-10-01,09:30:04.000,416.75,150.0,416.15,417.35,75.0
2025-10-01,09:30:05.000,416.75,150.0,416.15,417.35,75.0
2025-10-01,09:30:06.000,417.15,75.0,416.5,417.8,75.0
2025-10-01,09:30:07.000,417.62,225.0,417.05,418.2,75.0
2025-10-01,09:30:08.000,417.62,225.0,417.05,418.2,75.0
2025-10-01,09:30:09.000,417.45,225.0,416.7,418.2,75.0
2025-10-01,09:30:10.000,417.45,225.0,416.7,418.2,75.0
2025-10-01,09:30:11.000,417.78,150.0,417.0,418.55,75.0
2025-10-01,09:30:12.000,416.35,225.0,415.5,417.2,75.0
2025-10-01,09:30:13.000,416.35,225.0,415.5,417.2,75.0
2025-10-01,09:30:14.000,415.5,75.0,415.0,416.0,150.0
2025-10-01,09:30:15.000,415.5,75.0,415.0,416.0,150.0
2025-10-01,09:30:16.000,416.1,225.0,415.2,417.0,300.0
2025-10-01,09:30:17.000,416.1,225.0,415.2,417.0,375.0
2025-10-01,09:30:18.000,416.1,225.0,415.2,417.0,375.0
2025-10-01,09:30:19.000,415.28,225.0,414.55,416.0,225.0
2025-10-01,09:30:20.000,415.28,225.0,414.55,416.0,225.0
2025-10-01,09:30:21.000,416.18,75.0,415.35,417.0,300.0
2025-10-01,09:30:22.000,415.38,225.0,414.75,416.0,150.0
2025-10-01,09:30:23.000,415.38,225.0,414.75,416.0,150.0
2025-10-01,09:30:24.000,414.78,150.0,414.0,415.55,75.0
2025-10-01,09:30:25.000,414.78,150.0,414.0,415.55,75.0
2025-10-01,09:30:26.000,415.2,150.0,414.45,415.95,75.0
2025-10-01,09:30:27.000,413.42,75.0,412.8,414.05,75.0
2025-10-01,09:30:28.000,413.42,75.0,412.8,414.05,75.0
2025-10-01,09:30:29.000,413.88,150.0,413.3,414.45,75.0
2025-10-01,09:30:30.000,413.88,150.0,413.3,414.45,75.0
2025-10-01,09:30:31.000,415.0,150.0,414.0,416.0,225.0
2025-10-01,09:30:32.000,414.78,225.0,414.1,415.45,75.0
2025-10-01,09:30:33.000,414.78,225.0,414.1,415.45,75.0
2025-10-01,09:30:34.000,415.32,75.0,414.7,415.95,75.0
2025-10-01,09:30:35.000,415.32,75.0,414.7,415.95,75.0
2025-10-01,09:30:36.000,415.8,225.0,415.25,416.35,75.0
2025-10-01,09:30:37.000,415.78,225.0,415.2,416.35,75.0
2025-10-01,09:30:38.000,415.78,225.0,415.2,416.35,75.0
2025-10-01,09:30:39.000,415.8,225.0,415.2,416.4,75.0
2025-10-01,09:30:40.000,415.8,225.0,415.2,416.4,75.0
2025-10-01,09:30:41.000,417.1,75.0,416.5,417.7,75.0
2025-10-01,09:30:42.000,418.28,75.0,417.6,418.95,75.0
2025-10-01,09:30:43.000,418.28,75.0,417.6,418.95,75.0
2025-10-01,09:30:44.000,417.35,75.0,416.7,418.0,75.0
2025-10-01,09:30:45.000,418.05,75.0,417.3,418.8,75.0
2025-10-01,09:30:46.000,418.05,75.0,417.3,418.8,75.0
2025-10-01,09:30:47.000,418.92,75.0,418.25,419.6,75.0
2025-10-01,09:30:48.000,418.92,75.0,418.25,419.6,75.0
2025-10-01,09:30:49.000,419.72,225.0,419.1,420.35,75.0
2025-10-01,09:30:50.000,419.72,225.0,419.1,420.35,75.0
2025-10-01,09:30:51.000,418.85,150.0,418.3,419.4,75.0
2025-10-01,09:30:52.000,418.62,225.0,417.9,419.35,75.0
2025-10-01,09:30:53.000,418.62,225.0,417.9,419.35,75.0
2025-10-01,09:30:54.000,418.85,225.0,418.1,419.6,75.0
2025-10-01,09:30:55.000,419.38,225.0,418.75,420.0,225.0
2025-10-01,09:30:56.000,419.38,225.0,418.75,420.0,225.0
2025-10-01,09:30:57.000,418.7,225.0,418.1,419.3,75.0
2025-10-01,09:30:58.000,418.7,225.0,418.1,419.3,75.0
2025-10-01,09:30:59.000,418.55,150.0,418.05,419.05,75.0
2025-10-01,09:31:00.000,418.62,375.0,418.0,419.25,75.0
2025-10-01,09:31:01.000,418.62,375.0,418.0,419.25,75.0
2025-10-01,09:31:02.000,418.82,225.0,418.2,419.45,75.0
2025-10-01,09:31:03.000,418.82,225.0,418.2,419.45,75.0
2025-10-01,09:31:04.000,419.52,225.0,418.85,420.2,75.0
2025-10-01,09:31:05.000,419.38,225.0,418.75,420.0,75.0
2025-10-01,09:31:06.000,419.38,225.0,418.75,420.0,75.0
2025-10-01,09:31:07.000,418.92,75.0,418.3,419.55,75.0
2025-10-01,09:31:08.000,418.92,75.0,418.3,419.55,75.0
2025-10-01,09:31:09.000,418.4,75.0,417.75,419.05,75.0
2025-10-01,09:31:10.000,418.02,75.0,417.35,418.7,75.0
2025-10-01,09:31:11.000,418.02,75.0,417.35,418.7,75.0
2025-10-01,09:31:12.000,417.78,75.0,417.1,418.45,75.0
2025-10-01,09:31:13.000,417.78,75.0,417.1,418.45,75.0
2025-10-01,09:31:14.000,419.28,75.0,418.55,420.0,150.0
2025-10-01,09:31:15.000,419.2,75.0,418.4,420.0,150.0
2025-10-01,09:31:16.000,419.2,75.0,418.4,420.0,150.0
2025-10-01,09:31:17.000,418.42,150.0,417.85,419.0,150.0
2025-10-01,09:31:18.000,418.42,150.0,417.85,419.0,150.0
2025-10-01,09:31:19.000,418.88,75.0,418.2,419.55,75.0
2025-10-01,09:31:20.000,419.15,75.0,418.3,420.0,225.0
2025-10-01,09:31:21.000,419.15,75.0,418.3,420.0,225.0
2025-10-01,09:31:22.000,418.95,225.0,418.15,419.75,75.0
2025-10-01,09:31:23.000,418.95,225.0,418.15,419.75,75.0
2025-10-01,09:31:24.000,418.88,75.0,418.15,419.6,75.0
2025-10-01,09:31:25.000,418.98,150.0,418.35,419.6,75.0
2025-10-01,09:31:26.000,418.98,150.0,418.35,419.6,75.0
2025-10-01,09:31:27.000,418.58,150.0,418.05,419.1,75.0
2025-10-01,09:31:28.000,418.58,150.0,418.05,419.1,75.0
2025-10-01,09:31:29.000,417.52,150.0,417.05,418.0,75.0
2025-10-01,09:31:30.000,417.65,150.0,417.05,418.25,75.0
2025-10-01,09:31:31.000,417.65,150.0,417.05,418.25,75.0
2025-10-01,09:31:32.000,417.5,150.0,416.85,418.15,75.0
2025-10-01,09:31:33.000,417.5,150.0,416.85,418.15,75.0
2025-10-01,09:31:34.000,418.32,150.0,417.65,419.0,150.0
2025-10-01,09:31:35.000,417.75,75.0,417.0,418.5,75.0
2025-10-01,09:31:36.000,417.75,75.0,417.0,418.5,75.0
2025-10-01,09:31:37.000,418.62,75.0,417.8,419.45,75.0
2025-10-01,09:31:38.000,418.62,75.0,417.8,419.45,75.0
2025-10-01,09:31:39.000,418.85,150.0,418.05,419.65,75.0
2025-10-01,09:31:40.000,418.82,225.0,418.0,419.65,75.0
2025-10-01,09:31:41.000,418.82,225.0,418.0,419.65,75.0
2025-10-01,09:31:42.000,419.68,75.0,418.8,420.55,75.0
2025-10-01,09:31:43.000,419.68,75.0,418.8,420.55,75.0
2025-10-01,09:31:44.000,419.18,150.0,418.35,420.0,150.0
2025-10-01,09:31:45.000,419.3,150.0,418.6,420.0,150.0
2025-10-01,09:31:46.000,419.3,150.0,418.6,420.0,150.0
2025-10-01,09:31:47.000,418.05,75.0,417.15,418.95,75.0
2025-10-01,09:31:48.000,418.05,75.0,417.15,418.95,75.0
2025-10-01,09:31:49.000,418.15,150.0,417.35,418.95,75.0
2025-10-01,09:31:50.000,418.48,75.0,417.7,419.25,75.0
2025-10-01,09:31:51.000,418.48,75.0,417.7,419.25,75.0
2025-10-01,09:31:52.000,418.28,150.0,417.55,419.0,150.0
2025-10-01,09:31:53.000,418.28,150.0,417.55,419.0,150.0
2025-10-01,09:31:54.000,418.48,75.0,417.75,419.2,75.0
2025-10-01,09:31:55.000,417.98,150.0,417.3,418.65,75.0
2025-10-01,09:31:56.000,417.98,150.0,417.3,418.65,75.0
2025-10-01,09:31:57.000,416.7,150.0,416.05,417.35,75.0
2025-10-01,09:31:58.000,416.7,150.0,416.05,417.35,75.0
2025-10-01,09:31:59.000,415.55,150.0,415.05,416.05,75.0
2025-10-01,09:32:00.000,415.68,150.0,415.05,416.3,75.0
2025-10-01,09:32:01.000,415.68,150.0,415.05,416.3,75.0
2025-10-01,09:32:02.000,415.65,150.0,415.05,416.25,75.0
2025-10-01,09:32:03.000,415.65,150.0,415.05,416.25,75.0
2025-10-01,09:32:04.000,416.4,75.0,415.75,417.05,75.0
2025-10-01,09:32:05.000,416.75,75.0,416.1,417.4,75.0
2025-10-01,09:32:06.000,416.75,75.0,416.1,417.4,75.0
2025-10-01,09:32:07.000,416.68,150.0,416.1,417.25,75.0
2025-10-01,09:32:08.000,416.68,150.0,416.1,417.25,75.0
2025-10-01,09:32:09.000,416.18,75.0,415.55,416.8,75.0
2025-10-01,09:32:10.000,415.82,75.0,415.15,416.5,75.0
2025-10-01,09:32:11.000,415.82,75.0,415.15,416.5,75.0
2025-10-01,09:32:12.000,416.28,75.0,415.6,416.95,75.0
2025-10-01,09:32:13.000,416.28,75.0,415.6,416.95,75.0
2025-10-01,09:32:14.000,416.3,150.0,415.7,416.9,75.0
2025-10-01,09:32:15.000,415.95,75.0,415.35,416.55,75.0
2025-10-01,09:32:16.000,415.95,75.0,415.35,416.55,75.0
2025-10-01,09:32:17.000,415.6,150.0,415.05,416.15,75.0
2025-10-01,09:32:18.000,415.6,150.0,415.05,416.15,75.0
2025-10-01,09:32:19.000,415.5,75.0,415.0,416.0,75.0
2025-10-01,09:32:20.000,416.18,75.0,415.6,416.75,75.0
2025-10-01,09:32:21.000,416.18,75.0,415.6,416.75,75.0
2025-10-01,09:32:22.000,415.8,75.0,415.15,416.45,75.0
2025-10-01,09:32:23.000,415.8,75.0,415.15,416.45,75.0
2025-10-01,09:32:24.000,416.0,150.0,415.05,416.95,75.0
2025-10-01,09:32:25.000,415.55,150.0,415.05,416.05,75.0
2025-10-01,09:32:26.000,415.55,150.0,415.05,416.05,75.0
2025-10-01,09:32:27.000,415.38,75.0,415.0,415.75,75.0
2025-10-01,09:32:28.000,415.38,75.0,415.0,415.75,75.0
2025-10-01,09:32:29.000,415.45,75.0,415.0,415.9,75.0
2025-10-01,09:32:30.000,415.5,75.0,415.0,416.0,75.0
2025-10-01,09:32:31.000,415.5,75.0,415.0,416.0,75.0
2025-10-01,09:32:32.000,415.6,150.0,415.05,416.15,75.0
2025-10-01,09:32:33.000,415.6,150.0,415.05,416.15,75.0
2025-10-01,09:32:34.000,416.25,75.0,415.65,416.85,75.0
2025-10-01,09:32:35.000,416.22,75.0,415.6,416.85,75.0
2025-10-01,09:32:36.000,416.22,75.0,415.6,416.85,75.0
2025-10-01,09:32:37.000,415.52,150.0,415.05,416.0,75.0
2025-10-01,09:32:38.000,415.52,150.0,415.05,416.0,75.0
2025-10-01,09:32:39.000,415.38,150.0,415.05,415.7,75.0
2025-10-01,09:32:40.000,415.12,75.0,414.5,415.75,75.0
2025-10-01,09:32:41.000,415.12,75.0,414.5,415.75,75.0
2025-10-01,09:32:42.000,415.85,75.0,414.75,416.95,75.0
2025-10-01,09:32:43.000,415.85,75.0,414.75,416.95,75.0
2025-10-01,09:32:44.000,415.88,75.0,414.8,416.95,75.0
2025-10-01,09:32:45.000,416.05,75.0,415.15,416.95,75.0
2025-10-01,09:32:46.000,416.05,75.0,415.15,416.95,75.0
2025-10-01,09:32:47.000,415.98,75.0,415.0,416.95,75.0
2025-10-01,09:32:48.000,415.98,75.0,415.0,416.95,75.0
2025-10-01,09:32:49.000,415.15,75.0,414.3,416.0,150.0
2025-10-01,09:32:50.000,415.92,75.0,414.9,416.95,300.0
2025-10-01,09:32:51.000,415.92,75.0,414.9,416.95,300.0
2025-10-01,09:32:52.000,414.2,75.0,413.4,415.0,150.0
2025-10-01,09:32:53.000,414.2,75.0,413.4,415.0,150.0
2025-10-01,09:32:54.000,414.32,150.0,413.65,415.0,150.0
2025-10-01,09:32:55.000,414.2,75.0,413.4,415.0,150.0
2025-10-01,09:32:56.000,414.2,75.0,413.4,415.0,150.0
2025-10-01,09:32:57.000,414.92,150.0,413.9,415.95,75.0
2025-10-01,09:32:58.000,414.92,150.0,413.9,415.95,75.0
2025-10-01,09:32:59.000,415.38,75.0,414.75,416.0,150.0
2025-10-01,09:33:00.000,416.3,150.0,415.6,417.0,150.0
2025-10-01,09:33:01.000,416.3,150.0,415.6,417.0,150.0
2025-10-01,09:33:02.000,417.1,150.0,416.25,417.95,75.0
2025-10-01,09:33:03.000,417.1,150.0,416.25,417.95,75.0
2025-10-01,09:33:04.000,417.02,75.0,416.05,418.0,150.0
2025-10-01,09:33:05.000,417.1,75.0,416.2,418.0,150.0
2025-10-01,09:33:06.000,417.1,75.0,416.2,418.0,150.0
2025-10-01,09:33:07.000,417.98,150.0,417.0,418.95,75.0
2025-10-01,09:33:08.000,417.98,150.0,417.0,418.95,75.0
2025-10-01,09:33:09.000,417.88,150.0,416.8,418.95,75.0
2025-10-01,09:33:10.000,417.88,150.0,416.8,418.95,75.0
2025-10-01,09:33:11.000,418.98,150.0,418.0,419.95,75.0
2025-10-01,09:33:12.000,418.02,150.0,417.05,419.0,150.0
2025-10-01,09:33:13.000,418.02,150.0,417.05,419.0,150.0
2025-10-01,09:33:14.000,417.25,75.0,416.5,418.0,150.0
2025-10-01,09:33:15.000,417.25,75.0,416.5,418.0,150.0
2025-10-01,09:33:16.000,418.82,75.0,417.7,419.95,75.0
2025-10-01,09:33:17.000,418.12,75.0,417.25,419.0,150.0
2025-10-01,09:33:18.000,418.12,75.0,417.25,419.0,150.0
2025-10-01,09:33:19.000,418.28,75.0,417.55,419.0,150.0
2025-10-01,09:33:20.000,418.28,75.0,417.55,419.0,150.0
2025-10-01,09:33:21.000,419.18,75.0,418.35,420.0,150.0
2025-10-01,09:33:22.000,418.92,150.0,417.9,419.95,75.0
2025-10-01,09:33:23.000,418.92,150.0,417.9,419.95,75.0
2025-10-01,09:33:24.000,419.28,75.0,418.55,420.0,225.0
2025-10-01,09:33:25.000,419.28,75.0,418.55,420.0,225.0
2025-10-01,09:33:26.000,419.35,75.0,418.7,420.0,150.0
2025-10-01,09:33:27.000,420.18,75.0,419.35,421.0,150.0
2025-10-01,09:33:28.000,420.18,75.0,419.35,421.0,150.0
2025-10-01,09:33:29.000,421.05,150.0,420.1,422.0,150.0
2025-10-01,09:33:30.000,421.05,150.0,420.1,422.0,150.0
2025-10-01,09:33:31.000,421.02,150.0,420.05,422.0,150.0
2025-10-01,09:33:32.000,420.3,150.0,419.6,421.0,150.0
2025-10-01,09:33:33.000,420.3,150.0,419.6,421.0,150.0
2025-10-01,09:33:34.000,420.02,150.0,419.05,421.0,150.0
2025-10-01,09:33:35.000,419.7,150.0,418.45,420.95,75.0
2025-10-01,09:33:36.000,419.7,150.0,418.45,420.95,75.0
2025-10-01,09:33:37.000,420.02,225.0,419.05,421.0,150.0
2025-10-01,09:33:38.000,420.02,225.0,419.05,421.0,150.0
2025-10-01,09:33:39.000,419.17,150.0,418.4,419.95,75.0
2025-10-01,09:33:40.000,418.2,75.0,417.6,418.8,75.0
2025-10-01,09:33:41.000,418.2,75.0,417.6,418.8,75.0
2025-10-01,09:33:42.000,418.22,75.0,417.55,418.9,75.0
2025-10-01,09:33:43.000,418.22,75.0,417.55,418.9,75.0
2025-10-01,09:33:44.000,419.0,75.0,418.25,419.75,75.0
2025-10-01,09:33:45.000,419.0,75.0,418.25,419.75,75.0
2025-10-01,09:33:46.000,419.4,150.0,418.7,420.1,75.0
2025-10-01,09:33:47.000,418.2,75.0,417.45,418.95,75.0
2025-10-01,09:33:48.000,418.2,75.0,417.45,418.95,75.0
2025-10-01,09:33:49.000,418.62,150.0,418.05,419.2,75.0
2025-10-01,09:33:50.000,418.62,150.0,418.05,419.2,75.0
2025-10-01,09:33:51.000,419.0,75.0,418.35,419.65,75.0
2025-10-01,09:33:52.000,419.2,150.0,418.55,419.85,75.0
2025-10-01,09:33:53.000,419.2,150.0,418.55,419.85,75.0
2025-10-01,09:33:54.000,419.1,150.0,418.45,419.75,75.0
2025-10-01,09:33:55.000,419.4,150.0,418.8,420.0,75.0
2025-10-01,09:33:56.000,419.4,150.0,418.8,420.0,75.0
2025-10-01,09:33:57.000,419.55,150.0,419.05,420.05,75.0
2025-10-01,09:33:58.000,419.55,150.0,419.05,420.05,75.0
2025-10-01,09:33:59.000,419.22,75.0,418.55,419.9,75.0
2025-10-01,09:34:00.000,419.98,150.0,419.3,420.65,75.0
2025-10-01,09:34:01.000,419.98,150.0,419.3,420.65,75.0
2025-10-01,09:34:02.000,419.72,150.0,419.05,420.4,75.0
2025-10-01,09:34:03.000,419.72,150.0,419.05,420.4,75.0
2025-10-01,09:34:04.000,420.18,75.0,419.55,420.8,75.0
2025-10-01,09:34:05.000,419.92,75.0,419.25,420.6,75.0
2025-10-01,09:34:06.000,419.92,75.0,419.25,420.6,75.0
2025-10-01,09:34:07.000,420.05,75.0,419.4,420.7,75.0
2025-10-01,09:34:08.000,420.05,75.0,419.4,420.7,75.0
2025-10-01,09:34:09.000,419.7,225.0,419.05,420.35,75.0
2025-10-01,09:34:10.000,420.12,75.0,419.45,420.8,75.0
2025-10-01,09:34:11.000,420.12,75.0,419.45,420.8,75.0
2025-10-01,09:34:12.000,420.32,150.0,419.7,420.95,75.0
2025-10-01,09:34:13.000,420.32,150.0,419.7,420.95,75.0
2025-10-01,09:34:14.000,420.58,150.0,420.05,421.1,75.0
2025-10-01,09:34:15.000,420.35,150.0,419.75,420.95,75.0
2025-10-01,09:34:16.000,420.35,150.0,419.75,420.95,75.0
2025-10-01,09:34:17.000,420.95,75.0,420.3,421.6,75.0
2025-10-01,09:34:18.000,420.95,75.0,420.3,421.6,75.0
2025-10-01,09:34:19.000,420.55,150.0,420.05,421.05,75.0
2025-10-01,09:34:20.000,421.8,150.0,421.2,422.4,75.0
2025-10-01,09:34:21.000,421.8,150.0,421.2,422.4,75.0
2025-10-01,09:34:22.000,423.05,75.0,422.1,424.0,150.0
2025-10-01,09:34:23.000,423.05,75.0,422.1,424.0,150.0
2025-10-01,09:34:24.000,422.62,75.0,421.25,424.0,150.0
2025-10-01,09:34:25.000,422.12,75.0,421.25,423.0,150.0
2025-10-01,09:34:26.000,422.12,75.0,421.25,423.0,150.0
2025-10-01,09:34:27.000,421.75,75.0,420.55,422.95,75.0
2025-10-01,09:34:28.000,421.75,75.0,420.55,422.95,75.0
2025-10-01,09:34:29.000,421.3,75.0,420.65,421.95,75.0
2025-10-01,09:34:30.000,420.52,150.0,420.05,421.0,75.0
2025-10-01,09:34:31.000,420.52,150.0,420.05,421.0,75.0
2025-10-01,09:34:32.000,420.62,150.0,420.05,421.2,75.0
2025-10-01,09:34:33.000,420.62,150.0,420.05,421.2,75.0
2025-10-01,09:34:34.000,421.18,150.0,420.6,421.75,75.0
2025-10-01,09:34:35.000,421.8,75.0,421.2,422.4,75.0
2025-10-01,09:34:36.000,421.8,75.0,421.2,422.4,75.0
2025-10-01,09:34:37.000,421.6,225.0,421.05,422.15,75.0
2025-10-01,09:34:38.000,421.6,225.0,421.05,422.15,75.0
2025-10-01,09:34:39.000,421.42,150.0,420.85,422.0,75.0
2025-10-01,09:34:40.000,421.4,75.0,420.8,422.0,75.0
2025-10-01,09:34:41.000,421.4,75.0,420.8,422.0,75.0
2025-10-01,09:34:42.000,421.62,150.0,421.05,422.2,75.0
2025-10-01,09:34:43.000,421.62,150.0,421.05,422.2,75.0
2025-10-01,09:34:44.000,421.4,150.0,420.8,422.0,75.0
2025-10-01,09:34:45.000,420.75,75.0,420.1,421.4,75.0
2025-10-01,09:34:46.000,420.75,75.0,420.1,421.4,75.0
2025-10-01,09:34:47.000,420.7,75.0,420.1,421.3,75.0
2025-10-01,09:34:48.000,420.7,75.0,420.1,421.3,75.0
2025-10-01,09:34:49.000,420.35,75.0,419.75,420.95,75.0
2025-10-01,09:34:50.000,420.58,150.0,420.05,421.1,75.0
2025-10-01,09:34:51.000,420.58,150.0,420.05,421.1,75.0
2025-10-01,09:34:52.000,420.58,75.0,420.0,421.15,75.0
2025-10-01,09:34:53.000,420.58,75.0,420.0,421.15,75.0
2025-10-01,09:34:54.000,419.9,75.0,419.3,420.5,75.0
2025-10-01,09:34:55.000,420.5,75.0,419.9,421.1,75.0
2025-10-01,09:34:56.000,420.5,75.0,419.9,421.1,75.0
2025-10-01,09:34:57.000,420.45,150.0,419.75,421.15,75.0
2025-10-01,09:34:58.000,420.45,150.0,419.75,421.15,75.0
2025-10-01,09:34:59.000,420.6,150.0,420.05,421.15,75.0
2025-10-01,09:35:00.000,420.8,150.0,420.05,421.55,75.0
2025-10-01,09:35:01.000,420.8,150.0,420.05,421.55,75.0
2025-10-01,09:35:02.000,421.78,150.0,421.05,422.5,75.0
2025-10-01,09:35:03.000,421.78,150.0,421.05,422.5,75.0
2025-10-01,09:35:04.000,422.8,150.0,422.05,423.55,75.0
2025-10-01,09:35:05.000,422.88,150.0,422.15,423.6,75.0
2025-10-01,09:35:06.000,422.88,150.0,422.15,423.6,75.0
2025-10-01,09:35:07.000,423.1,75.0,422.2,424.0,75.0
2025-10-01,09:35:08.000,423.1,75.0,422.2,424.0,75.0
2025-10-01,09:35:09.000,422.8,150.0,422.15,423.45,75.0
2025-10-01,09:35:10.000,422.1,75.0,421.35,422.85,75.0
2025-10-01,09:35:11.000,422.1,75.0,421.35,422.85,75.0
2025-10-01,09:35:12.000,421.62,150.0,421.05,422.2,75.0
2025-10-01,09:35:13.000,421.83,150.0,421.1,422.55,75.0
2025-10-01,09:35:14.000,421.83,150.0,421.1,422.55,75.0
2025-10-01,09:35:15.000,421.88,225.0,421.1,422.65,75.0
2025-10-01,09:35:16.000,421.88,225.0,421.1,422.65,75.0
2025-10-01,09:35:17.000,422.05,75.0,421.25,422.85,75.0
2025-10-01,09:35:18.000,422.05,75.0,421.25,422.85,75.0
2025-10-01,09:35:19.000,421.7,150.0,421.05,422.35,75.0
2025-10-01,09:35:20.000,420.88,150.0,420.25,421.5,75.0
2025-10-01,09:35:21.000,420.88,150.0,420.25,421.5,75.0
2025-10-01,09:35:22.000,421.45,75.0,420.8,422.1,75.0
2025-10-01,09:35:23.000,421.45,75.0,420.8,422.1,75.0
2025-10-01,09:35:24.000,421.55,150.0,420.95,422.15,75.0
2025-10-01,09:35:25.000,421.9,150.0,421.3,422.5,75.0
2025-10-01,09:35:26.000,421.9,150.0,421.3,422.5,75.0
2025-10-01,09:35:27.000,421.88,75.0,421.2,422.55,75.0
2025-10-01,09:35:28.000,421.88,75.0,421.2,422.55,75.0
2025-10-01,09:35:29.000,422.28,150.0,421.6,422.95,75.0
2025-10-01,09:35:30.000,421.75,75.0,421.1,422.4,75.0
2025-10-01,09:35:31.000,421.75,75.0,421.1,422.4,75.0
2025-10-01,09:35:32.000,421.6,150.0,421.05,422.15,75.0
2025-10-01,09:35:33.000,421.6,150.0,421.05,422.15,75.0
2025-10-01,09:35:34.000,421.9,75.0,421.25,422.55,75.0
2025-10-01,09:35:35.000,421.72,75.0,421.1,422.35,75.0
2025-10-01,09:35:36.000,421.72,75.0,421.1,422.35,75.0
2025-10-01,09:35:37.000,421.28,150.0,420.65,421.9,75.0
2025-10-01,09:35:38.000,421.28,150.0,420.65,421.9,75.0
2025-10-01,09:35:39.000,421.45,75.0,420.8,422.1,75.0
2025-10-01,09:35:40.000,421.22,150.0,420.6,421.85,75.0
2025-10-01,09:35:41.000,421.22,150.0,420.6,421.85,75.0
2025-10-01,09:35:42.000,420.65,150.0,420.05,421.25,75.0
2025-10-01,09:35:43.000,420.65,150.0,420.05,421.25,75.0
2025-10-01,09:35:44.000,420.7,225.0,420.05,421.35,75.0
2025-10-01,09:35:45.000,421.42,150.0,420.85,422.0,75.0
2025-10-01,09:35:46.000,421.42,150.0,420.85,422.0,75.0
2025-10-01,09:35:47.000,421.38,150.0,420.8,421.95,75.0
2025-10-01,09:35:48.000,421.38,150.0,420.8,421.95,75.0
2025-10-01,09:35:49.000,420.55,75.0,419.9,421.2,75.0
2025-10-01,09:35:50.000,421.15,75.0,420.5,421.8,75.0
2025-10-01,09:35:51.000,421.15,75.0,420.5,421.8,75.0
2025-10-01,09:35:52.000,419.8,75.0,419.15,420.45,75.0
2025-10-01,09:35:53.000,419.8,75.0,419.15,420.45,75.0
2025-10-01,09:35:54.000,419.18,75.0,418.55,419.8,75.0
2025-10-01,09:35:55.000,419.12,150.0,418.55,419.7,75.0
2025-10-01,09:35:56.000,419.12,150.0,418.55,419.7,75.0
2025-10-01,09:35:57.000,419.08,75.0,418.45,419.7,75.0
2025-10-01,09:35:58.000,419.08,75.0,418.45,419.7,75.0
2025-10-01,09:35:59.000,418.58,150.0,418.05,419.1,75.0
2025-10-01,09:36:00.000,417.85,75.0,417.25,418.45,75.0
2025-10-01,09:36:01.000,417.85,75.0,417.25,418.45,75.0
2025-10-01,09:36:02.000,418.5,75.0,417.9,419.1,75.0
2025-10-01,09:36:03.000,418.5,75.0,417.9,419.1,75.0
2025-10-01,09:36:04.000,419.95,75.0,419.35,420.55,75.0
2025-10-01,09:36:05.000,420.38,75.0,419.8,420.95,75.0
2025-10-01,09:36:06.000,420.38,75.0,419.8,420.95,75.0
2025-10-01,09:36:07.000,420.6,150.0,420.05,421.15,75.0
2025-10-01,09:36:08.000,420.6,150.0,420.05,421.15,75.0
2025-10-01,09:36:09.000,421.32,75.0,420.75,421.9,75.0
2025-10-01,09:36:10.000,420.82,150.0,420.25,421.4,75.0
2025-10-01,09:36:11.000,420.82,150.0,420.25,421.4,75.0
2025-10-01,09:36:12.000,422.7,75.0,422.15,423.25,75.0
2025-10-01,09:36:13.000,422.7,75.0,422.15,423.25,75.0
2025-10-01,09:36:14.000,423.18,75.0,422.55,423.8,75.0
2025-10-01,09:36:15.000,422.5,150.0,421.95,423.05,75.0
2025-10-01,09:36:16.000,422.5,150.0,421.95,423.05,75.0
2025-10-01,09:36:17.000,422.82,75.0,422.25,423.4,75.0
2025-10-01,09:36:18.000,422.82,75.0,422.25,423.4,75.0
2025-10-01,09:36:19.000,422.95,75.0,422.3,423.6,75.0
2025-10-01,09:36:20.000,422.55,75.0,421.95,423.15,75.0
2025-10-01,09:36:21.000,422.55,75.0,421.95,423.15,75.0
2025-10-01,09:36:22.000,423.08,75.0,422.5,423.65,75.0
2025-10-01,09:36:23.000,423.08,75.0,422.5,423.65,75.0
2025-10-01,09:36:24.000,422.38,75.0,421.75,423.0,75.0
2025-10-01,09:36:25.000,422.65,225.0,422.05,423.25,75.0
2025-10-01,09:36:26.000,422.65,225.0,422.05,423.25,75.0
2025-10-01,09:36:27.000,422.7,75.0,422.1,423.3,75.0
2025-10-01,09:36:28.000,422.7,75.0,422.1,423.3,75.0
2025-10-01,09:36:29.000,422.62,225.0,422.05,423.2,75.0
2025-10-01,09:36:30.000,422.5,75.0,421.9,423.1,75.0
2025-10-01,09:36:31.000,422.5,75.0,421.9,423.1,75.0
2025-10-01,09:36:32.000,422.4,75.0,421.75,423.05,75.0
2025-10-01,09:36:33.000,422.4,75.0,421.75,423.05,75.0
2025-10-01,09:36:34.000,423.02,75.0,422.4,423.65,75.0
2025-10-01,09:36:35.000,423.68,150.0,423.0,424.35,75.0
2025-10-01,09:36:36.000,423.68,150.0,423.0,424.35,75.0
2025-10-01,09:36:37.000,423.3,75.0,422.6,424.0,75.0
2025-10-01,09:36:38.000,423.3,75.0,422.6,424.0,75.0
2025-10-01,09:36:39.000,422.98,75.0,422.25,423.7,75.0
2025-10-01,09:36:40.000,423.42,75.0,422.75,424.1,75.0
2025-10-01,09:36:41.000,423.42,75.0,422.75,424.1,75.0
2025-10-01,09:36:42.000,423.7,225.0,423.0,424.4,75.0
2025-10-01,09:36:43.000,423.7,225.0,423.0,424.4,75.0
2025-10-01,09:36:44.000,424.08,150.0,423.4,424.75,75.0
2025-10-01,09:36:45.000,424.0,75.0,423.3,424.7,75.0
2025-10-01,09:36:46.000,424.0,75.0,423.3,424.7,75.0
2025-10-01,09:36:47.000,423.35,75.0,422.7,424.0,75.0
2025-10-01,09:36:48.000,423.35,75.0,422.7,424.0,75.0
2025-10-01,09:36:49.000,423.88,150.0,423.2,424.55,75.0
2025-10-01,09:36:50.000,423.68,150.0,423.05,424.3,75.0
2025-10-01,09:36:51.000,423.68,150.0,423.05,424.3,75.0
2025-10-01,09:36:52.000,423.25,150.0,422.6,423.9,75.0
2025-10-01,09:36:53.000,423.25,150.0,422.6,423.9,75.0
2025-10-01,09:36:54.000,423.38,75.0,422.8,423.95,75.0
2025-10-01,09:36:55.000,423.08,150.0,422.45,423.7,75.0
2025-10-01,09:36:56.000,423.08,150.0,422.45,423.7,75.0
2025-10-01,09:36:57.000,423.7,225.0,423.05,424.35,75.0
2025-10-01,09:36:58.000,423.58,150.0,422.95,424.2,75.0
2025-10-01,09:36:59.000,423.58,150.0,422.95,424.2,75.0
2025-10-01,09:37:00.000,423.25,150.0,422.6,423.9,75.0
2025-10-01,09:37:01.000,423.25,150.0,422.6,423.9,75.0
2025-10-01,09:37:02.000,422.67,75.0,422.15,423.2,75.0
2025-10-01,09:37:03.000,422.02,75.0,421.4,422.65,75.0
2025-10-01,09:37:04.000,422.02,75.0,421.4,422.65,75.0
2025-10-01,09:37:05.000,423.1,150.0,422.55,423.65,75.0
2025-10-01,09:37:06.000,423.1,150.0,422.55,423.65,75.0
2025-10-01,09:37:07.000,423.92,150.0,423.3,424.55,75.0
2025-10-01,09:37:08.000,424.28,150.0,423.65,424.9,75.0
2025-10-01,09:37:09.000,424.28,150.0,423.65,424.9,75.0
2025-10-01,09:37:10.000,424.05,150.0,423.4,424.7,75.0
2025-10-01,09:37:11.000,424.05,150.0,423.4,424.7,75.0
2025-10-01,09:37:12.000,424.05,75.0,423.45,424.65,75.0
2025-10-01,09:37:13.000,423.92,150.0,423.35,424.5,75.0
2025-10-01,09:37:14.000,423.92,150.0,423.35,424.5,75.0
2025-10-01,09:37:15.000,423.22,75.0,422.55,423.9,75.0
2025-10-01,09:37:16.000,423.22,75.0,422.55,423.9,75.0
2025-10-01,09:37:17.000,422.82,150.0,422.2,423.45,75.0
2025-10-01,09:37:18.000,423.5,150.0,423.05,423.95,75.0
2025-10-01,09:37:19.000,423.5,150.0,423.05,423.95,75.0
2025-10-01,09:37:20.000,423.45,75.0,422.8,424.1,75.0
2025-10-01,09:37:21.000,423.45,75.0,422.8,424.1,75.0
2025-10-01,09:37:22.000,423.48,150.0,422.9,424.05,75.0
2025-10-01,09:37:23.000,423.5,150.0,422.95,424.05,75.0
2025-10-01,09:37:24.000,423.5,150.0,422.95,424.05,75.0
2025-10-01,09:37:25.000,423.7,150.0,423.15,424.25,75.0
2025-10-01,09:37:26.000,423.7,150.0,423.15,424.25,75.0
2025-10-01,09:37:27.000,424.08,150.0,423.5,424.65,75.0
2025-10-01,09:37:28.000,424.0,75.0,423.4,424.6,75.0
2025-10-01,09:37:29.000,424.0,75.0,423.4,424.6,75.0
2025-10-01,09:37:30.000,423.75,75.0,423.15,424.35,75.0
2025-10-01,09:37:31.000,424.15,150.0,423.55,424.75,75.0
2025-10-01,09:37:32.000,424.15,150.0,423.55,424.75,75.0
2025-10-01,09:37:33.000,423.9,75.0,423.3,424.5,75.0
2025-10-01,09:37:34.000,423.9,75.0,423.3,424.5,75.0
2025-10-01,09:37:35.000,423.85,75.0,423.25,424.45,75.0
2025-10-01,09:37:36.000,423.85,75.0,423.25,424.45,75.0
2025-10-01,09:37:37.000,423.6,225.0,423.05,424.15,75.0
2025-10-01,09:37:38.000,423.6,150.0,423.05,424.15,75.0
2025-10-01,09:37:39.000,423.6,150.0,423.05,424.15,75.0
2025-10-01,09:37:40.000,423.48,75.0,422.8,424.15,75.0
2025-10-01,09:37:41.000,423.48,75.0,422.8,424.15,75.0
2025-10-01,09:37:42.000,423.38,75.0,422.55,424.2,75.0
2025-10-01,09:37:43.000,423.8,75.0,423.1,424.5,75.0
2025-10-01,09:37:44.000,423.8,75.0,423.1,424.5,75.0
2025-10-01,09:37:45.000,423.85,75.0,423.15,424.55,75.0
2025-10-01,09:37:46.000,423.7,150.0,423.05,424.35,75.0
2025-10-01,09:37:47.000,423.7,150.0,423.05,424.35,75.0
2025-10-01,09:37:48.000,423.45,75.0,422.75,424.15,75.0
2025-10-01,09:37:49.000,423.45,75.0,422.75,424.15,75.0
2025-10-01,09:37:50.000,424.52,75.0,423.8,425.25,75.0
2025-10-01,09:37:51.000,424.12,75.0,423.35,424.9,75.0
2025-10-01,09:37:52.000,424.12,75.0,423.35,424.9,75.0
2025-10-01,09:37:53.000,423.7,150.0,423.05,424.35,75.0
2025-10-01,09:37:54.000,423.7,150.0,423.05,424.35,75.0
2025-10-01,09:37:55.000,423.72,150.0,423.05,424.4,75.0
2025-10-01,09:37:56.000,423.72,75.0,423.1,424.35,75.0
2025-10-01,09:37:57.000,423.72,75.0,423.1,424.35,75.0
2025-10-01,09:37:58.000,423.25,75.0,422.6,423.9,75.0
2025-10-01,09:37:59.000,423.25,75.0,422.6,423.9,75.0
2025-10-01,09:38:00.000,422.78,75.0,422.1,423.45,75.0
2025-10-01,09:38:01.000,423.15,75.0,422.3,424.0,150.0
2025-10-01,09:38:02.000,423.15,75.0,422.3,424.0,150.0
2025-10-01,09:38:03.000,422.2,75.0,421.45,422.95,75.0
2025-10-01,09:38:04.000,422.2,75.0,421.45,422.95,75.0
2025-10-01,09:38:05.000,421.7,150.0,421.05,422.35,75.0
2025-10-01,09:38:06.000,420.9,75.0,420.15,421.65,75.0
2025-10-01,09:38:07.000,420.9,75.0,420.15,421.65,75.0
2025-10-01,09:38:08.000,421.5,75.0,420.75,422.25,75.0
2025-10-01,09:38:09.000,421.5,75.0,420.75,422.25,75.0
2025-10-01,09:38:10.000,422.22,150.0,421.55,422.9,75.0
2025-10-01,09:38:11.000,421.15,75.0,420.4,421.9,75.0
2025-10-01,09:38:12.000,421.15,75.0,420.4,421.9,75.0
2025-10-01,09:38:13.000,421.22,75.0,420.45,422.0,225.0
2025-10-01,09:38:14.000,421.22,75.0,420.45,422.0,225.0
2025-10-01,09:38:15.000,421.02,225.0,420.05,422.0,150.0
2025-10-01,09:38:16.000,421.25,75.0,420.5,422.0,150.0
2025-10-01,09:38:17.000,421.25,75.0,420.5,422.0,150.0
2025-10-01,09:38:18.000,422.28,75.0,421.55,423.0,150.0
2025-10-01,09:38:19.000,422.28,75.0,421.55,423.0,150.0
2025-10-01,09:38:20.000,423.02,150.0,422.05,424.0,150.0
2025-10-01,09:38:21.000,422.85,150.0,421.75,423.95,75.0
2025-10-01,09:38:22.000,422.85,150.0,421.75,423.95,75.0
2025-10-01,09:38:23.000,422.88,150.0,421.8,423.95,75.0
2025-10-01,09:38:24.000,422.88,150.0,421.8,423.95,75.0
2025-10-01,09:38:25.000,422.02,150.0,421.05,423.0,150.0
2025-10-01,09:38:26.000,420.05,150.0,419.1,421.0,150.0
2025-10-01,09:38:27.000,420.05,150.0,419.1,421.0,150.0
2025-10-01,09:38:28.000,420.05,75.0,419.1,421.0,150.0
2025-10-01,09:38:29.000,420.05,75.0,419.1,421.0,150.0
2025-10-01,09:38:30.000,421.0,150.0,420.05,421.95,75.0
2025-10-01,09:38:31.000,421.05,75.0,420.1,422.0,150.0
2025-10-01,09:38:32.000,421.05,75.0,420.1,422.0,150.0
2025-10-01,09:38:33.000,421.15,75.0,420.3,422.0,150.0
2025-10-01,09:38:34.000,421.15,75.0,420.3,422.0,150.0
2025-10-01,09:38:35.000,421.15,150.0,420.3,422.0,150.0
2025-10-01,09:38:36.000,422.02,150.0,421.05,423.0,150.0
2025-10-01,09:38:37.000,422.02,150.0,421.05,423.0,150.0
2025-10-01,09:38:38.000,421.95,150.0,420.9,423.0,150.0
2025-10-01,09:38:39.000,421.95,150.0,420.9,423.0,150.0
2025-10-01,09:38:40.000,422.05,75.0,421.1,423.0,150.0
2025-10-01,09:38:41.000,422.0,75.0,421.0,423.0,150.0
2025-10-01,09:38:42.000,422.0,75.0,421.0,423.0,150.0
2025-10-01,09:38:43.000,421.28,75.0,420.55,422.0,150.0
2025-10-01,09:38:44.000,421.28,75.0,420.55,422.0,150.0
2025-10-01,09:38:45.000,421.22,150.0,420.45,422.0,150.0
2025-10-01,09:38:46.000,422.88,75.0,421.75,424.0,150.0
2025-10-01,09:38:47.000,422.88,75.0,421.75,424.0,150.0
2025-10-01,09:38:48.000,422.78,225.0,421.6,423.95,75.0
2025-10-01,09:38:49.000,422.78,225.0,421.6,423.95,75.0
2025-10-01,09:38:50.000,422.82,75.0,421.7,423.95,75.0
2025-10-01,09:38:51.000,422.25,150.0,421.5,423.0,150.0
2025-10-01,09:38:52.000,422.25,150.0,421.5,423.0,150.0
2025-10-01,09:38:53.000,422.18,225.0,421.35,423.0,150.0
2025-10-01,09:38:54.000,422.18,225.0,421.35,423.0,150.0
2025-10-01,09:38:55.000,422.05,225.0,421.1,423.0,150.0
2025-10-01,09:38:56.000,421.9,225.0,420.8,423.0,150.0
2025-10-01,09:38:57.000,421.9,225.0,420.8,423.0,150.0
2025-10-01,09:38:58.000,421.05,150.0,420.1,422.0,150.0
2025-10-01,09:38:59.000,421.05,150.0,420.1,422.0,150.0
2025-10-01,09:39:00.000,422.0,150.0,421.05,422.95,75.0
2025-10-01,09:39:01.000,421.82,150.0,420.7,422.95,75.0
2025-10-01,09:39:02.000,421.82,150.0,420.7,422.95,75.0
2025-10-01,09:39:03.000,421.25,150.0,420.5,422.0,150.0
2025-10-01,09:39:04.000,421.25,150.0,420.5,422.0,150.0
2025-10-01,09:39:05.000,421.88,75.0,420.8,422.95,75.0
2025-10-01,09:39:06.000,422.18,150.0,421.35,423.0,150.0
2025-10-01,09:39:07.000,422.18,150.0,421.35,423.0,150.0
2025-10-01,09:39:08.000,422.12,75.0,421.25,423.0,150.0
2025-10-01,09:39:09.000,422.12,75.0,421.25,423.0,150.0
2025-10-01,09:39:10.000,422.22,75.0,421.45,423.0,150.0
2025-10-01,09:39:11.000,422.1,75.0,421.2,423.0,150.0
2025-10-01,09:39:12.000,422.1,75.0,421.2,423.0,150.0
2025-10-01,09:39:13.000,422.15,150.0,421.3,423.0,150.0
2025-10-01,09:39:14.000,422.15,150.0,421.3,423.0,150.0
2025-10-01,09:39:15.000,422.28,150.0,421.55,423.0,150.0
2025-10-01,09:39:16.000,423.2,75.0,422.4,424.0,150.0
2025-10-01,09:39:17.000,423.2,75.0,422.4,424.0,150.0
2025-10-01,09:39:18.000,424.08,75.0,423.2,424.95,75.0
2025-10-01,09:39:19.000,424.08,75.0,423.2,424.95,75.0
2025-10-01,09:39:20.000,424.0,150.0,423.05,424.95,75.0
2025-10-01,09:39:21.000,424.02,75.0,423.1,424.95,75.0
2025-10-01,09:39:22.000,424.02,75.0,423.1,424.95,75.0
2025-10-01,09:39:23.000,423.3,75.0,422.6,424.0,150.0
2025-10-01,09:39:24.000,423.3,75.0,422.6,424.0,150.0
2025-10-01,09:39:25.000,423.35,150.0,422.7,424.0,150.0
2025-10-01,09:39:26.000,423.98,75.0,423.0,424.95,75.0
2025-10-01,09:39:27.000,423.98,75.0,423.0,424.95,75.0
2025-10-01,09:39:28.000,424.02,75.0,423.1,424.95,75.0
2025-10-01,09:39:29.000,424.02,75.0,423.1,424.95,75.0
2025-10-01,09:39:30.000,424.05,150.0,423.15,424.95,75.0
2025-10-01,09:39:31.000,425.55,75.0,424.15,426.95,75.0
2025-10-01,09:39:32.000,425.55,75.0,424.15,426.95,75.0
2025-10-01,09:39:33.000,426.05,75.0,425.1,427.0,150.0
2025-10-01,09:39:34.000,426.05,75.0,425.1,427.0,150.0
2025-10-01,09:39:35.000,426.15,75.0,425.3,427.0,150.0
2025-10-01,09:39:36.000,426.0,150.0,425.05,426.95,75.0
2025-10-01,09:39:37.000,426.0,150.0,425.05,426.95,75.0
2025-10-01,09:39:38.000,425.05,75.0,424.15,425.95,75.0
2025-10-01,09:39:39.000,425.05,75.0,424.15,425.95,75.0
2025-10-01,09:39:40.000,425.1,75.0,424.2,426.0,150.0
2025-10-01,09:39:41.000,425.62,150.0,425.05,426.2,75.0
2025-10-01,09:39:42.000,425.62,150.0,425.05,426.2,75.0
2025-10-01,09:39:43.000,425.98,75.0,425.3,426.65,75.0
2025-10-01,09:39:44.000,425.98,75.0,425.3,426.65,75.0
2025-10-01,09:39:45.000,426.15,75.0,425.3,427.0,150.0
2025-10-01,09:39:46.000,425.95,75.0,424.95,426.95,75.0
2025-10-01,09:39:47.000,425.95,75.0,424.95,426.95,75.0
2025-10-01,09:39:48.000,425.55,75.0,424.85,426.25,75.0
2025-10-01,09:39:49.000,425.55,75.0,424.85,426.25,75.0
2025-10-01,09:39:50.000,426.0,150.0,425.05,426.95,75.0
2025-10-01,09:39:51.000,426.1,75.0,425.2,427.0,150.0
2025-10-01,09:39:52.000,426.1,75.0,425.2,427.0,150.0
2025-10-01,09:39:53.000,425.1,75.0,424.2,426.0,150.0
2025-10-01,09:39:54.000,425.1,75.0,424.2,426.0,150.0
2025-10-01,09:39:55.000,426.0,225.0,425.05,426.95,75.0
2025-10-01,09:39:56.000,426.0,225.0,425.05,426.95,75.0
2025-10-01,09:39:57.000,425.18,75.0,424.35,426.0,150.0
2025-10-01,09:39:58.000,425.08,75.0,424.15,426.0,150.0
2025-10-01,09:39:59.000,425.08,75.0,424.15,426.0,150.0
2025-10-01,09:40:00.000,425.08,75.0,424.15,426.0,150.0
2025-10-01,09:40:01.000,425.08,75.0,424.15,426.0,150.0
2025-10-01,09:40:02.000,425.78,75.0,424.6,426.95,75.0
2025-10-01,09:40:03.000,425.02,225.0,424.05,426.0,150.0
2025-10-01,09:40:04.000,425.02,225.0,424.05,426.0,150.0
2025-10-01,09:40:05.000,425.0,150.0,424.05,425.95,75.0
2025-10-01,09:40:06.000,425.0,150.0,424.05,425.95,75.0
2025-10-01,09:40:07.000,425.12,75.0,424.25,426.0,150.0
2025-10-01,09:40:08.000,425.18,75.0,424.35,426.0,150.0
2025-10-01,09:40:09.000,425.18,75.0,424.35,426.0,150.0
2025-10-01,09:40:10.000,425.2,75.0,424.4,426.0,150.0
2025-10-01,09:40:11.000,425.2,75.0,424.4,426.0,150.0
2025-10-01,09:40:12.000,425.75,75.0,424.55,426.95,75.0
2025-10-01,09:40:13.000,424.67,75.0,423.4,425.95,75.0
2025-10-01,09:40:14.000,424.67,75.0,423.4,425.95,75.0
2025-10-01,09:40:15.000,424.82,75.0,423.7,425.95,75.0
2025-10-01,09:40:16.000,424.82,75.0,423.7,425.95,75.0
2025-10-01,09:40:17.000,424.08,75.0,423.2,424.95,75.0
2025-10-01,09:40:18.000,424.05,75.0,423.15,424.95,75.0
2025-10-01,09:40:19.000,424.05,75.0,423.15,424.95,75.0
2025-10-01,09:40:20.000,424.08,75.0,423.2,424.95,75.0
2025-10-01,09:40:21.000,424.08,75.0,423.2,424.95,75.0
2025-10-01,09:40:22.000,424.62,75.0,423.3,425.95,75.0
2025-10-01,09:40:23.000,423.78,75.0,422.6,424.95,75.0
2025-10-01,09:40:24.000,423.78,75.0,422.6,424.95,75.0
2025-10-01,09:40:25.000,423.6,75.0,422.25,424.95,75.0
2025-10-01,09:40:26.000,423.6,75.0,422.25,424.95,75.0
2025-10-01,09:40:27.000,424.02,75.0,423.1,424.95,75.0
2025-10-01,09:40:28.000,423.67,75.0,422.4,424.95,75.0
2025-10-01,09:40:29.000,423.67,75.0,422.4,424.95,75.0
2025-10-01,09:40:30.000,423.05,75.0,422.15,423.95,75.0
2025-10-01,09:40:31.000,423.05,75.0,422.15,423.95,75.0
2025-10-01,09:40:32.000,423.12,75.0,422.25,424.0,150.0
2025-10-01,09:40:33.000,423.0,150.0,422.05,423.95,75.0
2025-10-01,09:40:34.000,423.0,150.0,422.05,423.95,75.0
2025-10-01,09:40:35.000,423.08,75.0,422.15,424.0,150.0
2025-10-01,09:40:36.000,423.08,75.0,422.15,424.0,150.0
2025-10-01,09:40:37.000,423.67,75.0,422.4,424.95,75.0
2025-10-01,09:40:38.000,422.8,150.0,421.65,423.95,75.0
2025-10-01,09:40:39.000,422.8,150.0,421.65,423.95,75.0
2025-10-01,09:40:40.000,423.0,150.0,422.05,423.95,75.0
2025-10-01,09:40:41.000,423.0,150.0,422.05,423.95,75.0
2025-10-01,09:40:42.000,422.25,150.0,421.5,423.0,150.0
2025-10-01,09:40:43.000,422.02,150.0,421.05,423.0,150.0
2025-10-01,09:40:44.000,422.02,150.0,421.05,423.0,150.0
2025-10-01,09:40:45.000,422.0,150.0,421.05,422.95,75.0
2025-10-01,09:40:46.000,422.0,150.0,421.05,422.95,75.0
2025-10-01,09:40:47.000,423.9,150.0,423.0,424.8,75.0
2025-10-01,09:40:48.000,424.25,75.0,423.5,425.0,150.0
2025-10-01,09:40:49.000,424.25,75.0,423.5,425.0,150.0
2025-10-01,09:40:50.000,424.85,75.0,423.75,425.95,75.0
2025-10-01,09:40:51.000,424.85,75.0,423.75,425.95,75.0
2025-10-01,09:40:52.000,424.22,75.0,423.45,425.0,150.0
2025-10-01,09:40:53.000,424.08,75.0,423.15,425.0,150.0
2025-10-01,09:40:54.000,424.08,75.0,423.15,425.0,150.0
2025-10-01,09:40:55.000,425.08,75.0,424.15,426.0,150.0
2025-10-01,09:40:56.000,425.08,75.0,424.15,426.0,150.0
2025-10-01,09:40:57.000,425.05,75.0,424.1,426.0,150.0
2025-10-01,09:40:58.000,424.9,75.0,423.85,425.95,75.0
2025-10-01,09:40:59.000,424.9,75.0,423.85,425.95,75.0
2025-10-01,09:41:00.000,425.0,150.0,424.05,425.95,75.0
2025-10-01,09:41:01.000,425.0,150.0,424.05,425.95,75.0
2025-10-01,09:41:02.000,425.85,150.0,424.75,426.95,75.0
2025-10-01,09:41:03.000,426.88,150.0,425.8,427.95,75.0
2025-10-01,09:41:04.000,426.88,150.0,425.8,427.95,75.0
2025-10-01,09:41:05.000,427.02,150.0,426.05,428.0,150.0
2025-10-01,09:41:06.000,427.02,150.0,426.05,428.0,150.0
2025-10-01,09:41:07.000,426.92,75.0,425.9,427.95,75.0
2025-10-01,09:41:08.000,426.15,75.0,425.3,427.0,150.0
2025-10-01,09:41:09.000,426.15,75.0,425.3,427.0,150.0
2025-10-01,09:41:10.000,426.82,150.0,425.7,427.95,75.0
2025-10-01,09:41:11.000,426.82,150.0,425.7,427.95,75.0
2025-10-01,09:41:12.000,427.35,150.0,426.7,428.0,150.0
2025-10-01,09:41:13.000,428.02,150.0,427.05,429.0,150.0
2025-10-01,09:41:14.000,428.02,150.0,427.05,429.0,150.0
2025-10-01,09:41:15.000,428.02,225.0,427.05,429.0,150.0
2025-10-01,09:41:16.000,428.02,225.0,427.05,429.0,150.0
2025-10-01,09:41:17.000,428.15,75.0,427.3,429.0,150.0
2025-10-01,09:41:18.000,428.0,150.0,427.05,428.95,75.0
2025-10-01,09:41:19.000,428.0,150.0,427.05,428.95,75.0
2025-10-01,09:41:20.000,428.0,150.0,427.05,428.95,75.0
2025-10-01,09:41:21.000,428.05,75.0,427.1,429.0,150.0
2025-10-01,09:41:22.000,428.05,75.0,427.1,429.0,150.0
2025-10-01,09:41:23.000,427.88,150.0,426.75,429.0,150.0
2025-10-01,09:41:24.000,427.88,150.0,426.75,429.0,150.0
2025-10-01,09:41:25.000,427.15,75.0,426.3,428.0,150.0
2025-10-01,09:41:26.000,427.02,150.0,426.05,428.0,150.0
2025-10-01,09:41:27.000,427.02,150.0,426.05,428.0,150.0
2025-10-01,09:41:28.000,426.78,75.0,425.6,427.95,75.0
2025-10-01,09:41:29.000,426.78,75.0,425.6,427.95,75.0
2025-10-01,09:41:30.000,426.82,75.0,425.7,427.95,75.0
2025-10-01,09:41:31.000,426.9,150.0,425.85,427.95,75.0
2025-10-01,09:41:32.000,426.9,150.0,425.85,427.95,75.0
2025-10-01,09:41:33.000,426.02,150.0,425.05,427.0,150.0
2025-10-01,09:41:34.000,426.02,150.0,425.05,427.0,150.0
2025-10-01,09:41:35.000,426.12,75.0,425.25,427.0,150.0
2025-10-01,09:41:36.000,426.3,150.0,425.6,427.0,150.0
2025-10-01,09:41:37.000,426.3,150.0,425.6,427.0,150.0
2025-10-01,09:41:38.000,426.15,75.0,425.3,427.0,150.0
2025-10-01,09:41:39.000,426.15,75.0,425.3,427.0,150.0
2025-10-01,09:41:40.000,426.75,75.0,425.55,427.95,75.0
2025-10-01,09:41:41.000,427.1,75.0,426.2,428.0,150.0
2025-10-01,09:41:42.000,427.1,75.0,426.2,428.0,150.0
2025-10-01,09:41:43.000,427.02,225.0,426.05,428.0,150.0
2025-10-01,09:41:44.000,427.02,225.0,426.05,428.0,150.0
2025-10-01,09:41:45.000,426.18,75.0,425.35,427.0,150.0
2025-10-01,09:41:46.000,426.7,75.0,425.45,427.95,75.0
2025-10-01,09:41:47.000,426.7,75.0,425.45,427.95,75.0
2025-10-01,09:41:48.000,426.78,75.0,425.6,427.95,75.0
2025-10-01,09:41:49.000,426.78,75.0,425.6,427.95,75.0
2025-10-01,09:41:50.000,426.22,75.0,425.45,427.0,150.0
2025-10-01,09:41:51.000,426.15,75.0,425.3,427.0,150.0
2025-10-01,09:41:52.000,426.15,75.0,425.3,427.0,150.0
2025-10-01,09:41:53.000,426.3,75.0,425.6,427.0,150.0
2025-10-01,09:41:54.000,426.3,75.0,425.6,427.0,150.0
2025-10-01,09:41:55.000,426.95,75.0,425.9,428.0,150.0
2025-10-01,09:41:56.000,426.05,150.0,425.1,427.0,150.0
2025-10-01,09:41:57.000,426.05,150.0,425.1,427.0,150.0
2025-10-01,09:41:58.000,426.7,150.0,425.45,427.95,75.0
2025-10-01,09:41:59.000,426.7,150.0,425.45,427.95,75.0
2025-10-01,09:42:00.000,426.7,150.0,425.45,427.95,75.0
2025-10-01,09:42:01.000,426.9,75.0,425.8,428.0,150.0
2025-10-01,09:42:02.000,426.9,75.0,425.8,428.0,150.0
2025-10-01,09:42:03.000,426.72,150.0,425.45,428.0,150.0
2025-10-01,09:42:04.000,426.72,150.0,425.45,428.0,150.0
2025-10-01,09:42:05.000,426.18,75.0,425.35,427.0,150.0
2025-10-01,09:42:06.000,426.72,150.0,425.45,428.0,150.0
2025-10-01,09:42:07.000,426.72,150.0,425.45,428.0,150.0
2025-10-01,09:42:08.000,427.12,75.0,426.25,428.0,150.0
2025-10-01,09:42:09.000,427.12,75.0,426.25,428.0,150.0
2025-10-01,09:42:10.000,427.12,75.0,426.25,428.0,150.0
2025-10-01,09:42:11.000,427.08,150.0,426.15,428.0,150.0
2025-10-01,09:42:12.000,427.08,150.0,426.15,428.0,150.0
2025-10-01,09:42:13.000,427.15,75.0,426.3,428.0,150.0
2025-10-01,09:42:14.000,427.15,75.0,426.3,428.0,150.0
2025-10-01,09:42:15.000,427.3,75.0,426.6,428.0,150.0
2025-10-01,09:42:16.000,426.9,150.0,425.8,428.0,150.0
2025-10-01,09:42:17.000,426.9,150.0,425.8,428.0,150.0
2025-10-01,09:42:18.000,427.75,75.0,426.5,429.0,75.0
2025-10-01,09:42:19.000,427.75,75.0,426.5,429.0,75.0
2025-10-01,09:42:20.000,427.85,75.0,426.7,429.0,150.0
2025-10-01,09:42:21.000,427.15,75.0,426.3,428.0,150.0
2025-10-01,09:42:22.000,427.15,75.0,426.3,428.0,150.0
2025-10-01,09:42:23.000,429.62,75.0,428.25,431.0,150.0
2025-10-01,09:42:24.000,429.62,75.0,428.25,431.0,150.0
2025-10-01,09:42:25.000,429.88,150.0,428.75,431.0,150.0
2025-10-01,09:42:26.000,430.08,150.0,429.15,431.0,150.0
2025-10-01,09:42:27.000,430.08,150.0,429.15,431.0,150.0
2025-10-01,09:42:28.000,430.3,75.0,429.6,431.0,150.0
2025-10-01,09:42:29.000,430.3,75.0,429.6,431.0,150.0
2025-10-01,09:42:30.000,430.02,150.0,429.05,431.0,150.0
2025-10-01,09:42:31.000,429.85,150.0,428.7,431.0,150.0
2025-10-01,09:42:32.000,429.85,150.0,428.7,431.0,150.0
2025-10-01,09:42:33.000,430.02,150.0,429.05,431.0,150.0
2025-10-01,09:42:34.000,430.02,150.0,429.05,431.0,150.0
2025-10-01,09:42:35.000,430.02,150.0,429.05,431.0,150.0
2025-10-01,09:42:36.000,430.02,150.0,429.05,431.0,150.0
2025-10-01,09:42:37.000,430.02,150.0,429.05,431.0,150.0
2025-10-01,09:42:38.000,429.8,75.0,428.65,430.95,75.0
2025-10-01,09:42:39.000,429.8,75.0,428.65,430.95,75.0
2025-10-01,09:42:40.000,430.18,75.0,429.35,431.0,150.0
2025-10-01,09:42:41.000,431.6,75.0,430.2,433.0,150.0
2025-10-01,09:42:42.000,431.6,75.0,430.2,433.0,150.0
2025-10-01,09:42:43.000,430.82,75.0,429.65,432.0,150.0
2025-10-01,09:42:44.000,430.82,75.0,429.65,432.0,150.0
2025-10-01,09:42:45.000,430.2,75.0,429.4,431.0,150.0
2025-10-01,09:42:46.000,430.78,150.0,429.6,431.95,75.0
2025-10-01,09:42:47.000,430.78,150.0,429.6,431.95,75.0
2025-10-01,09:42:48.000,431.12,75.0,430.25,432.0,150.0
2025-10-01,09:42:49.000,430.62,75.0,429.3,431.95,75.0
2025-10-01,09:42:50.000,430.62,75.0,429.3,431.95,75.0
2025-10-01,09:42:51.000,430.02,150.0,429.05,431.0,150.0
2025-10-01,09:42:52.000,430.02,150.0,429.05,431.0,150.0
2025-10-01,09:42:53.000,430.78,75.0,429.6,431.95,75.0
2025-10-01,09:42:54.000,430.2,150.0,429.4,431.0,150.0
2025-10-01,09:42:55.000,430.2,150.0,429.4,431.0,150.0
2025-10-01,09:42:56.000,429.82,150.0,428.65,431.0,150.0
2025-10-01,09:42:57.000,429.82,150.0,428.65,431.0,150.0
2025-10-01,09:42:58.000,430.1,225.0,429.2,431.0,300.0
2025-10-01,09:42:59.000,430.1,150.0,429.2,431.0,300.0
2025-10-01,09:43:00.000,430.1,150.0,429.2,431.0,300.0
2025-10-01,09:43:01.000,430.1,150.0,429.2,431.0,300.0
2025-10-01,09:43:02.000,430.1,150.0,429.2,431.0,300.0
2025-10-01,09:43:03.000,430.2,150.0,429.4,431.0,150.0
2025-10-01,09:43:04.000,429.98,150.0,429.0,430.95,150.0
2025-10-01,09:43:05.000,429.98,150.0,429.0,430.95,150.0
2025-10-01,09:43:06.000,429.98,150.0,429.0,430.95,150.0
2025-10-01,09:43:07.000,429.98,150.0,429.0,430.95,150.0
2025-10-01,09:43:08.000,429.88,150.0,428.85,430.9,150.0
2025-10-01,09:43:09.000,429.98,150.0,429.05,430.9,150.0
2025-10-01,09:43:10.000,429.98,150.0,429.05,430.9,150.0
2025-10-01,09:43:11.000,429.8,75.0,428.7,430.9,150.0
2025-10-01,09:43:12.000,429.8,75.0,428.7,430.9,150.0
2025-10-01,09:43:13.000,430.05,150.0,429.1,431.0,150.0
2025-10-01,09:43:14.000,429.3,150.0,428.6,430.0,150.0
2025-10-01,09:43:15.000,429.3,150.0,428.6,430.0,150.0
2025-10-01,09:43:16.000,430.0,150.0,429.05,430.95,150.0
2025-10-01,09:43:17.000,430.0,150.0,429.05,430.95,150.0
2025-10-01,09:43:18.000,430.28,75.0,429.55,431.0,150.0
2025-10-01,09:43:19.000,430.85,150.0,429.75,431.95,150.0
2025-10-01,09:43:20.000,430.85,150.0,429.75,431.95,150.0
2025-10-01,09:43:21.000,431.7,75.0,430.45,432.95,150.0
2025-10-01,09:43:22.000,431.7,75.0,430.45,432.95,150.0
2025-10-01,09:43:23.000,432.1,75.0,431.25,432.95,150.0
2025-10-01,09:43:24.000,432.0,150.0,431.05,432.95,150.0
2025-10-01,09:43:25.000,432.0,150.0,431.05,432.95,150.0
2025-10-01,09:43:26.000,431.85,150.0,430.75,432.95,150.0
2025-10-01,09:43:27.000,431.85,150.0,430.75,432.95,150.0
2025-10-01,09:43:28.000,432.12,75.0,431.25,433.0,150.0
2025-10-01,09:43:29.000,431.82,150.0,430.7,432.95,150.0
2025-10-01,09:43:30.000,431.82,150.0,430.7,432.95,150.0
2025-10-01,09:43:31.000,430.18,75.0,429.35,431.0,150.0
2025-10-01,09:43:32.000,430.18,75.0,429.35,431.0,150.0
2025-10-01,09:43:33.000,430.02,150.0,429.1,430.95,150.0
2025-10-01,09:43:34.000,430.25,150.0,429.5,431.0,150.0
2025-10-01,09:43:35.000,430.25,150.0,429.5,431.0,150.0
2025-10-01,09:43:36.000,430.8,150.0,429.7,431.9,150.0
2025-10-01,09:43:37.000,430.8,150.0,429.7,431.9,150.0
2025-10-01,09:43:38.000,430.02,150.0,429.1,430.95,150.0
2025-10-01,09:43:39.000,430.0,150.0,429.05,430.95,150.0
2025-10-01,09:43:40.000,430.0,150.0,429.05,430.95,150.0
2025-10-01,09:43:41.000,429.9,150.0,428.85,430.95,150.0
2025-10-01,09:43:42.000,429.17,150.0,428.4,429.95,150.0
2025-10-01,09:43:43.000,429.17,150.0,428.4,429.95,150.0
2025-10-01,09:43:44.000,430.05,75.0,429.15,430.95,150.0
2025-10-01,09:43:45.000,430.05,75.0,429.15,430.95,150.0
2025-10-01,09:43:46.000,430.67,75.0,429.45,431.9,150.0
2025-10-01,09:43:47.000,432.0,150.0,431.05,432.95,150.0
2025-10-01,09:43:48.000,432.0,150.0,431.05,432.95,150.0
2025-10-01,09:43:49.000,432.75,150.0,431.35,434.15,150.0
2025-10-01,09:43:50.000,432.75,150.0,431.35,434.15,150.0
2025-10-01,09:43:51.000,432.15,75.0,431.3,433.0,150.0
2025-10-01,09:43:52.000,431.25,75.0,430.5,432.0,150.0
2025-10-01,09:43:53.000,431.25,75.0,430.5,432.0,150.0
2025-10-01,09:43:54.000,431.9,75.0,430.85,432.95,150.0
2025-10-01,09:43:55.000,431.9,75.0,430.85,432.95,150.0
2025-10-01,09:43:56.000,433.15,75.0,432.35,433.95,150.0
2025-10-01,09:43:57.000,433.92,75.0,432.9,434.95,150.0
2025-10-01,09:43:58.000,433.92,75.0,432.9,434.95,150.0
2025-10-01,09:43:59.000,435.62,75.0,434.3,436.95,150.0
2025-10-01,09:44:00.000,435.62,75.0,434.3,436.95,150.0
2025-10-01,09:44:01.000,435.0,75.0,434.05,435.95,150.0
2025-10-01,09:44:02.000,434.3,75.0,433.6,435.0,150.0
2025-10-01,09:44:03.000,434.3,75.0,433.6,435.0,150.0
2025-10-01,09:44:04.000,434.88,75.0,433.8,435.95,150.0
2025-10-01,09:44:05.000,436.08,75.0,435.15,437.0,150.0
2025-10-01,09:44:06.000,436.08,75.0,435.15,437.0,150.0
2025-10-01,09:44:07.000,435.82,150.0,434.7,436.95,150.0
2025-10-01,09:44:08.000,435.82,150.0,434.7,436.95,150.0
2025-10-01,09:44:09.000,436.18,75.0,435.35,437.0,150.0
2025-10-01,09:44:10.000,436.25,75.0,435.5,437.0,150.0
2025-10-01,09:44:11.000,436.25,75.0,435.5,437.0,150.0
2025-10-01,09:44:12.000,436.15,75.0,435.3,437.0,150.0
2025-10-01,09:44:13.000,436.15,75.0,435.3,437.0,150.0
2025-10-01,09:44:14.000,436.22,75.0,435.45,437.0,150.0
2025-10-01,09:44:15.000,436.92,75.0,435.9,437.95,150.0
2025-10-01,09:44:16.000,436.92,75.0,435.9,437.95,150.0
2025-10-01,09:44:17.000,437.02,150.0,436.1,437.95,150.0
2025-10-01,09:44:18.000,437.02,150.0,436.1,437.95,150.0
2025-10-01,09:44:19.000,437.3,75.0,436.6,438.0,150.0
2025-10-01,09:44:20.000,437.82,75.0,436.7,438.95,150.0
2025-10-01,09:44:21.000,437.82,75.0,436.7,438.95,150.0
2025-10-01,09:44:22.000,437.72,75.0,436.5,438.95,150.0
2025-10-01,09:44:23.000,437.72,75.0,436.5,438.95,150.0
2025-10-01,09:44:24.000,438.05,150.0,437.15,438.95,150.0
2025-10-01,09:44:25.000,438.5,75.0,437.5,439.5,75.0
2025-10-01,09:44:26.000,438.5,75.0,437.5,439.5,75.0
2025-10-01,09:44:27.000,438.92,75.0,438.35,439.5,75.0
2025-10-01,09:44:28.000,438.92,75.0,438.35,439.5,75.0
2025-10-01,09:44:29.000,439.98,75.0,439.0,440.95,150.0
2025-10-01,09:44:30.000,440.2,75.0,439.4,441.0,150.0
2025-10-01,09:44:31.000,440.2,75.0,439.4,441.0,150.0
2025-10-01,09:44:32.000,439.9,150.0,438.85,440.95,150.0
2025-10-01,09:44:33.000,439.9,150.0,438.85,440.95,150.0
2025-10-01,09:44:34.000,439.42,75.0,438.85,440.0,150.0
2025-10-01,09:44:35.000,439.05,75.0,438.15,439.95,150.0
2025-10-01,09:44:36.000,439.05,75.0,438.15,439.95,150.0
2025-10-01,09:44:37.000,439.08,75.0,438.15,440.0,150.0
2025-10-01,09:44:38.000,438.08,75.0,437.15,439.0,150.0
2025-10-01,09:44:39.000,438.08,75.0,437.15,439.0,150.0
2025-10-01,09:44:40.000,437.08,150.0,436.2,437.95,150.0
2025-10-01,09:44:41.000,437.08,150.0,436.2,437.95,150.0
2025-10-01,09:44:42.000,437.08,75.0,436.2,437.95,150.0
2025-10-01,09:44:43.000,437.2,75.0,436.4,438.0,150.0
2025-10-01,09:44:44.000,437.2,75.0,436.4,438.0,150.0
2025-10-01,09:44:45.000,437.65,75.0,436.4,438.9,75.0
2025-10-01,09:44:46.000,438.88,75.0,437.8,439.95,150.0
2025-10-01,09:44:47.000,438.88,75.0,437.8,439.95,150.0
2025-10-01,09:44:48.000,439.9,75.0,438.85,440.95,150.0
2025-10-01,09:44:49.000,439.9,75.0,438.85,440.95,150.0
2025-10-01,09:44:50.000,439.18,75.0,438.35,440.0,150.0
2025-10-01,09:44:51.000,438.8,75.0,437.65,439.95,150.0
2025-10-01,09:44:52.000,438.8,75.0,437.65,439.95,150.0
2025-10-01,09:44:53.000,438.25,75.0,437.5,439.0,150.0
2025-10-01,09:44:54.000,438.25,75.0,437.5,439.0,150.0
2025-10-01,09:44:55.000,438.28,75.0,437.6,438.95,150.0
2025-10-01,09:44:56.000,438.12,75.0,437.3,438.95,150.0
2025-10-01,09:44:57.000,438.12,75.0,437.3,438.95,150.0
2025-10-01,09:44:58.000,437.98,225.0,437.05,438.9,150.0
2025-10-01,09:44:59.000,437.98,225.0,437.05,438.9,150.0
2025-10-01,09:45:00.000,437.12,75.0,436.3,437.95,150.0
2025-10-01,09:45:01.000,436.92,75.0,435.9,437.95,150.0
2025-10-01,09:45:02.000,436.92,75.0,435.9,437.95,150.0
2025-10-01,09:45:03.000,435.95,75.0,435.05,436.85,150.0
2025-10-01,09:45:04.000,435.95,75.0,435.05,436.85,150.0
2025-10-01,09:45:05.000,437.0,75.0,436.05,437.95,150.0
2025-10-01,09:45:06.000,436.88,75.0,435.8,437.95,150.0
2025-10-01,09:45:07.000,436.88,75.0,435.8,437.95,150.0
2025-10-01,09:45:08.000,437.0,75.0,436.05,437.95,150.0
2025-10-01,09:45:09.000,437.0,75.0,436.05,437.95,150.0
2025-10-01,09:45:10.000,436.78,150.0,435.75,437.8,75.0
2025-10-01,09:45:11.000,437.08,75.0,436.2,437.95,150.0
2025-10-01,09:45:12.000,437.08,75.0,436.2,437.95,150.0
2025-10-01,09:45:13.000,437.02,75.0,436.1,437.95,150.0
2025-10-01,09:45:14.000,437.02,75.0,436.1,437.95,150.0
2025-10-01,09:45:15.000,437.15,75.0,436.35,437.95,150.0
2025-10-01,09:45:16.000,438.2,75.0,437.4,439.0,150.0
2025-10-01,09:45:17.000,438.2,75.0,437.4,439.0,150.0
2025-10-01,09:45:18.000,439.0,75.0,438.05,439.95,150.0
2025-10-01,09:45:19.000,439.0,75.0,438.05,439.95,150.0
2025-10-01,09:45:20.000,438.9,75.0,437.85,439.95,150.0
2025-10-01,09:45:21.000,438.0,75.0,437.05,438.95,150.0
2025-10-01,09:45:22.000,438.0,75.0,437.05,438.95,150.0
2025-10-01,09:45:23.000,437.88,75.0,436.8,438.95,150.0
2025-10-01,09:45:24.000,437.88,75.0,436.8,438.95,150.0
2025-10-01,09:45:25.000,438.08,75.0,437.2,438.95,150.0
2025-10-01,09:45:26.000,437.98,150.0,437.0,438.95,150.0
