Date,Time,MID_PRICE,BID_SIZE,BID_PRICE,ASK_PRICE,ASK_SIZE
2025-10-01,09:15:00.000,284.0,150.0,282.05,285.95,450.0
2025-10-01,09:15:01.000,284.0,150.0,282.05,285.95,450.0
2025-10-01,09:15:02.000,284.0,150.0,282.05,285.95,450.0
2025-10-01,09:15:03.000,284.0,150.0,282.05,285.95,450.0
2025-10-01,09:15:04.000,284.0,150.0,282.05,285.95,450.0
2025-10-01,09:15:05.000,284.0,150.0,282.05,285.95,450.0
2025-10-01,09:15:06.000,284.0,150.0,282.05,285.95,450.0
2025-10-01,09:15:07.000,284.0,150.0,282.05,285.95,450.0
2025-10-01,09:15:08.000,284.0,150.0,282.05,285.95,450.0
2025-10-01,09:15:09.000,284.0,150.0,282.05,285.95,450.0
2025-10-01,09:15:10.000,284.0,150.0,282.05,285.95,450.0
2025-10-01,09:15:11.000,284.0,150.0,282.05,285.95,450.0
2025-10-01,09:15:12.000,284.0,150.0,282.05,285.95,450.0
2025-10-01,09:15:13.000,280.52,450.0,279.1,281.95,225.0
2025-10-01,09:15:14.000,278.5,225.0,277.05,279.95,225.0
2025-10-01,09:15:15.000,278.5,225.0,277.05,279.95,225.0
2025-10-01,09:15:16.000,281.92,450.0,280.85,283.0,150.0
2025-10-01,09:15:17.000,281.62,225.0,280.5,282.75,450.0
2025-10-01,09:15:18.000,281.08,450.0,280.2,281.95,225.0
2025-10-01,09:15:19.000,280.05,600.0,279.15,280.95,300.0
2025-10-01,09:15:20.000,280.05,600.0,279.15,280.95,300.0
2025-10-01,09:15:21.000,281.48,225.0,280.25,282.7,450.0
2025-10-01,09:15:22.000,280.85,450.0,279.85,281.85,225.0
2025-10-01,09:15:23.000,281.92,450.0,280.95,282.9,450.0
2025-10-01,09:15:24.000,281.92,450.0,280.95,282.9,450.0
2025-10-01,09:15:25.000,282.6,225.0,281.95,283.25,225.0
2025-10-01,09:15:26.000,281.62,450.0,280.75,282.5,225.0
2025-10-01,09:15:27.000,282.17,300.0,281.45,282.9,225.0
2025-10-01,09:15:28.000,282.17,300.0,281.45,282.9,225.0
2025-10-01,09:15:29.000,282.2,600.0,281.3,283.1,750.0
2025-10-01,09:15:30.000,281.75,1950.0,281.1,282.4,225.0
2025-10-01,09:15:31.000,281.48,1800.0,281.15,281.8,450.0
2025-10-01,09:15:32.000,281.48,1800.0,281.15,281.8,450.0
2025-10-01,09:15:33.000,280.52,1800.0,279.85,281.2,600.0
2025-10-01,09:15:34.000,280.9,2025.0,280.25,281.55,600.0
2025-10-01,09:15:35.000,279.17,1800.0,278.4,279.95,225.0
2025-10-01,09:15:36.000,279.17,1800.0,278.4,279.95,225.0
2025-10-01,09:15:37.000,279.95,1800.0,279.25,280.65,300.0
2025-10-01,09:15:38.000,280.6,375.0,280.0,281.2,450.0
2025-10-01,09:15:39.000,278.83,1800.0,278.3,279.35,150.0
2025-10-01,09:15:40.000,278.83,1800.0,278.3,279.35,150.0
2025-10-01,09:15:41.000,279.27,1800.0,278.7,279.85,225.0
2025-10-01,09:15:42.000,279.12,1800.0,278.45,279.8,150.0
2025-10-01,09:15:43.000,280.15,1800.0,279.5,280.8,450.0
2025-10-01,09:15:44.000,279.85,1800.0,279.7,280.0,525.0
2025-10-01,09:15:45.000,279.85,1800.0,279.7,280.0,525.0
2025-10-01,09:15:46.000,279.85,450.0,279.0,280.7,225.0
2025-10-01,09:15:47.000,280.1,225.0,279.45,280.75,450.0
2025-10-01,09:15:48.000,280.35,1800.0,279.75,280.95,600.0
2025-10-01,09:15:49.000,280.35,1800.0,279.75,280.95,600.0
2025-10-01,09:15:50.000,280.85,2175.0,280.2,281.5,375.0
2025-10-01,09:15:51.000,280.62,1800.0,280.4,280.85,375.0
2025-10-01,09:15:52.000,280.98,1350.0,280.3,281.65,150.0
2025-10-01,09:15:53.000,280.98,1350.0,280.3,281.65,150.0
2025-10-01,09:15:54.000,281.12,1350.0,280.6,281.65,75.0
2025-10-01,09:15:55.000,281.45,1800.0,281.0,281.9,75.0
2025-10-01,09:15:56.000,281.98,600.0,281.3,282.65,225.0
2025-10-01,09:15:57.000,282.23,750.0,281.05,283.4,450.0
2025-10-01,09:15:58.000,282.23,750.0,281.05,283.4,450.0
2025-10-01,09:15:59.000,282.08,375.0,281.5,282.65,525.0
2025-10-01,09:16:00.000,281.65,750.0,280.55,282.75,225.0
2025-10-01,09:16:01.000,282.18,600.0,281.55,282.8,600.0
2025-10-01,09:16:02.000,282.18,600.0,281.55,282.8,600.0
2025-10-01,09:16:03.000,281.92,375.0,281.2,282.65,225.0
2025-10-01,09:16:04.000,281.85,375.0,281.2,282.5,225.0
2025-10-01,09:16:05.000,281.02,225.0,280.2,281.85,225.0
2025-10-01,09:16:06.000,281.02,225.0,280.2,281.85,225.0
2025-10-01,09:16:07.000,279.98,450.0,279.5,280.45,300.0
2025-10-01,09:16:08.000,279.32,1800.0,278.7,279.95,1050.0
2025-10-01,09:16:09.000,279.23,1350.0,278.7,279.75,150.0
2025-10-01,09:16:10.000,279.23,1350.0,278.7,279.75,150.0
2025-10-01,09:16:11.000,279.77,1875.0,279.05,280.5,225.0
2025-10-01,09:16:12.000,280.1,1800.0,279.5,280.7,225.0
2025-10-01,09:16:13.000,280.27,1875.0,279.65,280.9,75.0
2025-10-01,09:16:14.000,280.27,1875.0,279.65,280.9,75.0
2025-10-01,09:16:15.000,279.95,75.0,279.25,280.65,150.0
2025-10-01,09:16:16.000,279.85,225.0,279.1,280.6,300.0
2025-10-01,09:16:17.000,281.73,375.0,281.15,282.3,300.0
2025-10-01,09:16:18.000,281.73,375.0,281.15,282.3,300.0
2025-10-01,09:16:19.000,282.52,450.0,281.9,283.15,525.0
2025-10-01,09:16:20.000,283.15,525.0,282.6,283.7,75.0
2025-10-01,09:16:21.000,282.17,375.0,281.7,282.65,225.0
2025-10-01,09:16:22.000,281.15,75.0,280.65,281.65,300.0
2025-10-01,09:16:23.000,281.15,75.0,280.65,281.65,300.0
2025-10-01,09:16:24.000,281.8,1800.0,281.25,282.35,900.0
2025-10-01,09:16:25.000,281.23,2175.0,280.95,281.5,150.0
2025-10-01,09:16:26.000,281.38,525.0,280.75,282.0,600.0
2025-10-01,09:16:27.000,279.8,1500.0,279.15,280.45,150.0
2025-10-01,09:16:28.000,279.8,1500.0,279.15,280.45,150.0
2025-10-01,09:16:29.000,280.68,1800.0,280.05,281.3,1575.0
2025-10-01,09:16:30.000,281.58,1800.0,281.0,282.15,150.0
2025-10-01,09:16:31.000,280.3,75.0,279.45,281.15,150.0
2025-10-01,09:16:32.000,280.3,75.0,279.45,281.15,150.0
2025-10-01,09:16:33.000,280.3,1800.0,279.75,280.85,225.0
2025-10-01,09:16:34.000,280.73,1800.0,280.15,281.3,450.0
2025-10-01,09:16:35.000,281.52,1800.0,281.1,281.95,225.0
2025-10-01,09:16:36.000,281.52,1800.0,281.1,281.95,225.0
2025-10-01,09:16:37.000,281.95,375.0,281.45,282.45,375.0
2025-10-01,09:16:38.000,283.15,1800.0,282.55,283.75,375.0
2025-10-01,09:16:39.000,283.45,225.0,282.9,284.0,225.0
2025-10-01,09:16:40.000,283.45,225.0,282.9,284.0,225.0
2025-10-01,09:16:41.000,283.88,525.0,283.35,284.4,375.0
2025-10-01,09:16:42.000,285.4,675.0,284.85,285.95,375.0
2025-10-01,09:16:43.000,285.4,675.0,284.85,285.95,375.0
2025-10-01,09:16:44.000,284.4,450.0,283.9,284.9,225.0
2025-10-01,09:16:45.000,284.27,225.0,283.6,284.95,300.0
2025-10-01,09:16:46.000,283.35,900.0,282.85,283.85,375.0
2025-10-01,09:16:47.000,283.35,900.0,282.85,283.85,375.0
2025-10-01,09:16:48.000,284.52,750.0,284.0,285.05,375.0
2025-10-01,09:16:49.000,284.08,375.0,283.65,284.5,375.0
2025-10-01,09:16:50.000,283.85,900.0,283.4,284.3,450.0
2025-10-01,09:16:51.000,283.85,900.0,283.4,284.3,450.0
2025-10-01,09:16:52.000,282.5,450.0,282.0,283.0,450.0
2025-10-01,09:16:53.000,283.35,375.0,282.9,283.8,225.0
2025-10-01,09:16:54.000,283.35,375.0,282.9,283.8,225.0
2025-10-01,09:16:55.000,283.27,375.0,282.8,283.75,450.0
2025-10-01,09:16:56.000,283.3,300.0,282.7,283.9,225.0
2025-10-01,09:16:57.000,283.73,525.0,283.3,284.15,450.0
2025-10-01,09:16:58.000,283.73,525.0,283.3,284.15,450.0
2025-10-01,09:16:59.000,283.65,900.0,283.05,284.25,375.0
2025-10-01,09:17:00.000,283.08,75.0,282.6,283.55,225.0
2025-10-01,09:17:01.000,283.08,75.0,282.6,283.55,225.0
2025-10-01,09:17:02.000,283.77,900.0,283.2,284.35,225.0
2025-10-01,09:17:03.000,284.15,375.0,283.65,284.65,375.0
2025-10-01,09:17:04.000,284.2,900.0,283.7,284.7,600.0
2025-10-01,09:17:05.000,284.2,900.0,283.7,284.7,600.0
2025-10-01,09:17:06.000,284.35,975.0,283.9,284.8,225.0
2025-10-01,09:17:07.000,284.45,1575.0,284.0,284.9,375.0
2025-10-01,09:17:08.000,284.5,1350.0,284.05,284.95,375.0
2025-10-01,09:17:09.000,284.5,1350.0,284.05,284.95,375.0
2025-10-01,09:17:10.000,284.65,900.0,284.15,285.15,600.0
2025-10-01,09:17:11.000,284.4,900.0,284.0,284.8,450.0
2025-10-01,09:17:12.000,284.4,900.0,284.0,284.8,450.0
2025-10-01,09:17:13.000,283.73,1275.0,283.2,284.25,375.0
2025-10-01,09:17:14.000,283.62,75.0,283.2,284.05,225.0
2025-10-01,09:17:15.000,282.85,750.0,282.4,283.3,375.0
2025-10-01,09:17:16.000,282.85,750.0,282.4,283.3,375.0
2025-10-01,09:17:17.000,282.6,900.0,282.15,283.05,375.0
2025-10-01,09:17:18.000,281.5,900.0,281.05,281.95,450.0
2025-10-01,09:17:19.000,281.7,900.0,281.3,282.1,150.0
2025-10-01,09:17:20.000,281.7,900.0,281.3,282.1,150.0
2025-10-01,09:17:21.000,280.77,900.0,280.3,281.25,300.0
2025-10-01,09:17:22.000,281.85,900.0,281.4,282.3,225.0
2025-10-01,09:17:23.000,281.85,900.0,281.4,282.3,225.0
2025-10-01,09:17:24.000,279.25,900.0,278.8,279.7,450.0
2025-10-01,09:17:25.000,278.67,900.0,278.2,279.15,225.0
2025-10-01,09:17:26.000,279.23,900.0,278.75,279.7,225.0
2025-10-01,09:17:27.000,279.23,900.0,278.75,279.7,225.0
2025-10-01,09:17:28.000,278.55,900.0,278.05,279.05,150.0
2025-10-01,09:17:29.000,278.9,900.0,278.4,279.4,225.0
2025-10-01,09:17:30.000,278.9,900.0,278.4,279.4,225.0
2025-10-01,09:17:31.000,278.38,900.0,277.9,278.85,150.0
2025-10-01,09:17:32.000,277.88,900.0,277.4,278.35,150.0
2025-10-01,09:17:33.000,277.88,900.0,277.4,278.35,150.0
2025-10-01,09:17:34.000,278.05,900.0,277.65,278.45,375.0
2025-10-01,09:17:35.000,278.95,900.0,278.55,279.35,150.0
2025-10-01,09:17:36.000,278.7,75.0,277.9,279.5,150.0
2025-10-01,09:17:37.000,278.7,75.0,277.9,279.5,150.0
2025-10-01,09:17:38.000,278.2,1125.0,277.55,278.85,225.0
2025-10-01,09:17:39.000,277.7,900.0,277.2,278.2,150.0
2025-10-01,09:17:40.000,277.4,900.0,276.95,277.85,75.0
2025-10-01,09:17:41.000,277.4,900.0,276.95,277.85,75.0
2025-10-01,09:17:42.000,276.73,900.0,276.25,277.2,525.0
2025-10-01,09:17:43.000,277.0,975.0,276.45,277.55,600.0
2025-10-01,09:17:44.000,277.0,975.0,276.45,277.55,600.0
2025-10-01,09:17:45.000,277.4,900.0,276.85,277.95,450.0
2025-10-01,09:17:46.000,277.17,900.0,276.65,277.7,225.0
2025-10-01,09:17:47.000,278.4,900.0,277.8,279.0,525.0
2025-10-01,09:17:48.000,278.4,900.0,277.8,279.0,525.0
2025-10-01,09:17:49.000,279.35,1125.0,278.85,279.85,900.0
2025-10-01,09:17:50.000,279.38,900.0,278.95,279.8,225.0
2025-10-01,09:17:51.000,279.15,900.0,278.75,279.55,375.0
2025-10-01,09:17:52.000,279.15,900.0,278.75,279.55,375.0
2025-10-01,09:17:53.000,277.62,150.0,277.0,278.25,750.0
2025-10-01,09:17:54.000,277.0,900.0,276.6,277.4,450.0
2025-10-01,09:17:55.000,277.0,900.0,276.6,277.4,450.0
2025-10-01,09:17:56.000,276.77,1125.0,276.35,277.2,150.0
2025-10-01,09:17:57.000,276.68,900.0,276.25,277.1,225.0
2025-10-01,09:17:58.000,276.18,900.0,275.75,276.6,75.0
2025-10-01,09:17:59.000,276.18,900.0,275.75,276.6,75.0
2025-10-01,09:18:00.000,275.1,900.0,274.75,275.45,300.0
2025-10-01,09:18:01.000,275.02,150.0,274.45,275.6,75.0
2025-10-01,09:18:02.000,275.02,150.0,274.45,275.6,75.0
2025-10-01,09:18:03.000,276.48,150.0,275.4,277.55,600.0
2025-10-01,09:18:04.000,276.73,525.0,276.1,277.35,150.0
2025-10-01,09:18:05.000,276.73,525.0,276.1,277.35,150.0
2025-10-01,09:18:06.000,275.02,600.0,274.45,275.6,150.0
2025-10-01,09:18:07.000,276.23,225.0,275.7,276.75,225.0
2025-10-01,09:18:08.000,276.38,150.0,276.0,276.75,75.0
2025-10-01,09:18:09.000,276.38,150.0,276.0,276.75,75.0
2025-10-01,09:18:10.000,276.48,150.0,276.15,276.8,225.0
2025-10-01,09:18:11.000,276.1,225.0,275.5,276.7,300.0
2025-10-01,09:18:12.000,275.85,75.0,275.35,276.35,225.0
2025-10-01,09:18:13.000,275.85,75.0,275.35,276.35,225.0
2025-10-01,09:18:14.000,275.9,150.0,275.4,276.4,225.0
2025-10-01,09:18:15.000,275.77,225.0,275.2,276.35,225.0
2025-10-01,09:18:16.000,275.48,150.0,275.05,275.9,150.0
2025-10-01,09:18:17.000,275.48,150.0,275.05,275.9,150.0
2025-10-01,09:18:18.000,275.33,75.0,274.85,275.8,150.0
2025-10-01,09:18:19.000,275.58,75.0,275.3,275.85,300.0
2025-10-01,09:18:20.000,275.58,75.0,275.3,275.85,300.0
2025-10-01,09:18:21.000,276.2,150.0,275.7,276.7,375.0
2025-10-01,09:18:22.000,276.17,525.0,275.7,276.65,150.0
2025-10-01,09:18:23.000,276.05,375.0,275.5,276.6,225.0
2025-10-01,09:18:24.000,276.05,375.0,275.5,276.6,225.0
2025-10-01,09:18:25.000,276.4,150.0,276.05,276.75,300.0
2025-10-01,09:18:26.000,275.98,150.0,275.6,276.35,150.0
2025-10-01,09:18:27.000,275.98,150.0,275.6,276.35,150.0
2025-10-01,09:18:28.000,276.98,150.0,276.55,277.4,150.0
2025-10-01,09:18:29.000,277.15,150.0,276.7,277.6,375.0
2025-10-01,09:18:30.000,277.15,150.0,276.7,277.6,375.0
2025-10-01,09:18:31.000,277.52,150.0,277.05,278.0,525.0
2025-10-01,09:18:32.000,278.3,150.0,277.85,278.75,225.0
2025-10-01,09:18:33.000,278.15,150.0,277.75,278.55,225.0
2025-10-01,09:18:34.000,278.15,150.0,277.75,278.55,225.0
2025-10-01,09:18:35.000,277.33,150.0,276.85,277.8,375.0
2025-10-01,09:18:36.000,277.82,150.0,277.45,278.2,225.0
2025-10-01,09:18:37.000,278.12,150.0,277.65,278.6,375.0
2025-10-01,09:18:38.000,278.12,150.0,277.65,278.6,375.0
2025-10-01,09:18:39.000,277.62,150.0,277.15,278.1,225.0
2025-10-01,09:18:40.000,277.42,525.0,276.55,278.3,525.0
2025-10-01,09:18:41.000,277.42,525.0,276.55,278.3,525.0
2025-10-01,09:18:42.000,276.95,150.0,276.5,277.4,375.0
2025-10-01,09:18:43.000,276.35,150.0,275.85,276.85,600.0
2025-10-01,09:18:44.000,276.35,150.0,275.85,276.85,600.0
2025-10-01,09:18:45.000,276.17,150.0,275.7,276.65,450.0
2025-10-01,09:18:46.000,276.17,150.0,275.7,276.65,450.0
2025-10-01,09:18:47.000,277.7,225.0,277.0,278.4,600.0
2025-10-01,09:18:48.000,277.9,150.0,277.5,278.3,225.0
2025-10-01,09:18:49.000,277.9,150.0,277.5,278.3,225.0
2025-10-01,09:18:50.000,277.52,150.0,277.15,277.9,75.0
2025-10-01,09:18:51.000,277.52,150.0,277.15,277.9,75.0
2025-10-01,09:18:52.000,277.62,150.0,277.3,277.95,225.0
2025-10-01,09:18:53.000,278.02,150.0,277.55,278.5,375.0
2025-10-01,09:18:54.000,278.02,150.0,277.55,278.5,375.0
2025-10-01,09:18:55.000,278.48,150.0,278.0,278.95,375.0
2025-10-01,09:18:56.000,278.48,150.0,278.0,278.95,375.0
2025-10-01,09:18:57.000,277.77,150.0,277.35,278.2,225.0
2025-10-01,09:18:58.000,278.75,150.0,278.35,279.15,375.0
2025-10-01,09:18:59.000,278.75,150.0,278.35,279.15,375.0
2025-10-01,09:19:00.000,278.58,150.0,278.25,278.9,225.0
2025-10-01,09:19:01.000,278.58,150.0,278.25,278.9,225.0
2025-10-01,09:19:02.000,279.88,150.0,279.4,280.35,450.0
2025-10-01,09:19:03.000,279.4,150.0,279.0,279.8,375.0
2025-10-01,09:19:04.000,279.4,150.0,279.0,279.8,375.0
2025-10-01,09:19:05.000,279.98,225.0,279.8,280.15,150.0
2025-10-01,09:19:06.000,279.98,225.0,279.8,280.15,150.0
2025-10-01,09:19:07.000,280.02,150.0,279.6,280.45,225.0
2025-10-01,09:19:08.000,279.95,150.0,279.5,280.4,450.0
2025-10-01,09:19:09.000,279.95,150.0,279.5,280.4,450.0
2025-10-01,09:19:10.000,279.85,150.0,279.4,280.3,300.0
2025-10-01,09:19:11.000,279.85,150.0,279.4,280.3,300.0
2025-10-01,09:19:12.000,280.62,150.0,280.15,281.1,450.0
2025-10-01,09:19:13.000,280.32,150.0,279.9,280.75,375.0
2025-10-01,09:19:14.000,280.32,150.0,279.9,280.75,375.0
2025-10-01,09:19:15.000,280.62,150.0,280.15,281.1,375.0
2025-10-01,09:19:16.000,280.62,150.0,280.15,281.1,375.0
2025-10-01,09:19:17.000,279.88,150.0,279.4,280.35,375.0
2025-10-01,09:19:18.000,281.2,150.0,280.7,281.7,375.0
2025-10-01,09:19:19.000,281.2,150.0,280.7,281.7,375.0
2025-10-01,09:19:20.000,281.42,150.0,280.95,281.9,525.0
2025-10-01,09:19:21.000,281.42,150.0,280.95,281.9,525.0
2025-10-01,09:19:22.000,282.38,150.0,281.9,282.85,300.0
2025-10-01,09:19:23.000,282.27,150.0,281.8,282.75,525.0
2025-10-01,09:19:24.000,282.27,150.0,281.8,282.75,525.0
2025-10-01,09:19:25.000,281.85,225.0,281.4,282.3,300.0
2025-10-01,09:19:26.000,281.85,225.0,281.4,282.3,300.0
2025-10-01,09:19:27.000,280.45,225.0,280.05,280.85,375.0
2025-10-01,09:19:28.000,280.0,150.0,279.45,280.55,525.0
2025-10-01,09:19:29.000,280.0,150.0,279.45,280.55,525.0
2025-10-01,09:19:30.000,279.23,150.0,278.7,279.75,675.0
2025-10-01,09:19:31.000,279.23,150.0,278.7,279.75,675.0
2025-10-01,09:19:32.000,279.73,225.0,279.3,280.15,600.0
2025-10-01,09:19:33.000,280.0,150.0,279.45,280.55,750.0
2025-10-01,09:19:34.000,280.0,150.0,279.45,280.55,750.0
2025-10-01,09:19:35.000,280.88,150.0,280.4,281.35,825.0
2025-10-01,09:19:36.000,280.88,150.0,280.4,281.35,825.0
2025-10-01,09:19:37.000,279.75,75.0,279.05,280.45,525.0
2025-10-01,09:19:38.000,279.75,150.0,279.25,280.25,600.0
2025-10-01,09:19:39.000,279.75,150.0,279.25,280.25,600.0
2025-10-01,09:19:40.000,279.75,150.0,279.35,280.15,300.0
2025-10-01,09:19:41.000,279.75,150.0,279.35,280.15,300.0
2025-10-01,09:19:42.000,279.5,150.0,279.05,279.95,75.0
2025-10-01,09:19:43.000,279.4,150.0,279.0,279.8,600.0
2025-10-01,09:19:44.000,279.4,150.0,279.0,279.8,600.0
2025-10-01,09:19:45.000,278.4,150.0,278.05,278.75,300.0
2025-10-01,09:19:46.000,278.4,150.0,278.05,278.75,300.0
2025-10-01,09:19:47.000,279.7,150.0,279.3,280.1,300.0
2025-10-01,09:19:48.000,280.52,150.0,280.15,280.9,300.0
2025-10-01,09:19:49.000,280.52,150.0,280.15,280.9,300.0
2025-10-01,09:19:50.000,280.98,150.0,280.55,281.4,375.0
2025-10-01,09:19:51.000,280.98,150.0,280.55,281.4,375.0
2025-10-01,09:19:52.000,281.52,225.0,281.0,282.05,225.0
2025-10-01,09:19:53.000,282.4,150.0,281.9,282.9,525.0
2025-10-01,09:19:54.000,282.4,150.0,281.9,282.9,525.0
2025-10-01,09:19:55.000,281.8,150.0,281.4,282.2,300.0
2025-10-01,09:19:56.000,281.8,150.0,281.4,282.2,300.0
2025-10-01,09:19:57.000,282.7,150.0,282.3,283.1,525.0
2025-10-01,09:19:58.000,283.25,150.0,282.85,283.65,300.0
2025-10-01,09:19:59.000,283.25,150.0,282.85,283.65,300.0
2025-10-01,09:20:00.000,284.05,150.0,283.65,284.45,375.0
2025-10-01,09:20:01.000,284.05,150.0,283.65,284.45,375.0
2025-10-01,09:20:02.000,284.77,150.0,284.1,285.45,300.0
2025-10-01,09:20:03.000,285.02,150.0,284.6,285.45,375.0
2025-10-01,09:20:04.000,285.02,150.0,284.6,285.45,375.0
2025-10-01,09:20:05.000,284.98,450.0,284.35,285.6,525.0
2025-10-01,09:20:06.000,284.98,450.0,284.35,285.6,525.0
2025-10-01,09:20:07.000,284.8,150.0,284.6,285.0,75.0
2025-10-01,09:20:08.000,285.1,150.0,284.5,285.7,675.0
2025-10-01,09:20:09.000,285.1,150.0,284.5,285.7,675.0
2025-10-01,09:20:10.000,285.08,150.0,284.75,285.4,375.0
2025-10-01,09:20:11.000,285.08,150.0,284.75,285.4,375.0
2025-10-01,09:20:12.000,285.75,150.0,285.35,286.15,375.0
2025-10-01,09:20:13.000,286.05,150.0,285.6,286.5,525.0
2025-10-01,09:20:14.000,286.05,150.0,285.6,286.5,525.0
2025-10-01,09:20:15.000,286.32,150.0,286.0,286.65,75.0
2025-10-01,09:20:16.000,286.32,150.0,286.0,286.65,75.0
2025-10-01,09:20:17.000,286.2,150.0,285.65,286.75,750.0
2025-10-01,09:20:18.000,286.32,150.0,285.95,286.7,300.0
2025-10-01,09:20:19.000,286.32,150.0,285.95,286.7,300.0
2025-10-01,09:20:20.000,288.73,150.0,288.0,289.45,300.0
2025-10-01,09:20:21.000,288.73,150.0,288.0,289.45,300.0
2025-10-01,09:20:22.000,287.73,225.0,287.0,288.45,375.0
2025-10-01,09:20:23.000,288.5,225.0,288.0,289.0,375.0
2025-10-01,09:20:24.000,288.5,225.0,288.0,289.0,375.0
2025-10-01,09:20:25.000,289.58,150.0,289.0,290.15,525.0
2025-10-01,09:20:26.000,289.58,150.0,289.0,290.15,525.0
2025-10-01,09:20:27.000,288.73,150.0,288.2,289.25,600.0
2025-10-01,09:20:28.000,288.35,150.0,287.9,288.8,825.0
2025-10-01,09:20:29.000,288.35,150.0,287.9,288.8,825.0
2025-10-01,09:20:30.000,287.45,150.0,287.15,287.75,75.0
2025-10-01,09:20:31.000,287.45,150.0,287.15,287.75,75.0
2025-10-01,09:20:32.000,286.77,150.0,286.1,287.45,75.0
2025-10-01,09:20:33.000,285.73,225.0,285.0,286.45,750.0
2025-10-01,09:20:34.000,285.73,225.0,285.0,286.45,750.0
2025-10-01,09:20:35.000,286.58,225.0,286.0,287.15,450.0
2025-10-01,09:20:36.000,286.77,150.0,286.4,287.15,375.0
2025-10-01,09:20:37.000,286.77,150.0,286.4,287.15,375.0
2025-10-01,09:20:38.000,287.55,150.0,287.1,288.0,375.0
2025-10-01,09:20:39.000,287.55,150.0,287.1,288.0,375.0
2025-10-01,09:20:40.000,287.77,150.0,287.4,288.15,150.0
2025-10-01,09:20:41.000,286.2,150.0,285.95,286.45,150.0
2025-10-01,09:20:42.000,286.2,150.0,285.95,286.45,150.0
2025-10-01,09:20:43.000,285.05,150.0,284.7,285.4,375.0
2025-10-01,09:20:44.000,285.05,150.0,284.7,285.4,375.0
2025-10-01,09:20:45.000,286.42,150.0,286.05,286.8,450.0
2025-10-01,09:20:46.000,286.58,150.0,286.3,286.85,75.0
2025-10-01,09:20:47.000,286.58,150.0,286.3,286.85,75.0
2025-10-01,09:20:48.000,286.55,150.0,286.25,286.85,75.0
2025-10-01,09:20:49.000,286.55,150.0,286.25,286.85,75.0
2025-10-01,09:20:50.000,285.7,150.0,285.5,285.9,75.0
2025-10-01,09:20:51.000,285.7,150.0,285.5,285.9,75.0
2025-10-01,09:20:52.000,286.17,150.0,285.7,286.65,600.0
2025-10-01,09:20:53.000,285.95,150.0,285.45,286.45,600.0
2025-10-01,09:20:54.000,285.95,150.0,285.45,286.45,600.0
2025-10-01,09:20:55.000,284.3,150.0,283.9,284.7,75.0
2025-10-01,09:20:56.000,284.3,150.0,283.9,284.7,75.0
2025-10-01,09:20:57.000,282.92,150.0,282.45,283.4,750.0
2025-10-01,09:20:58.000,283.4,150.0,283.0,283.8,300.0
2025-10-01,09:20:59.000,283.4,150.0,283.0,283.8,300.0
2025-10-01,09:21:00.000,281.85,150.0,281.55,282.15,75.0
2025-10-01,09:21:01.000,281.85,150.0,281.55,282.15,75.0
2025-10-01,09:21:02.000,284.0,150.0,283.5,284.5,525.0
2025-10-01,09:21:03.000,283.88,150.0,283.45,284.3,525.0
2025-10-01,09:21:04.000,283.88,150.0,283.45,284.3,525.0
2025-10-01,09:21:05.000,284.77,150.0,284.3,285.25,525.0
2025-10-01,09:21:06.000,284.77,150.0,284.3,285.25,525.0
2025-10-01,09:21:07.000,284.65,150.0,284.2,285.1,525.0
2025-10-01,09:21:08.000,284.0,150.0,283.35,284.65,750.0
2025-10-01,09:21:09.000,284.0,150.0,283.35,284.65,750.0
2025-10-01,09:21:10.000,283.55,150.0,283.1,284.0,300.0
2025-10-01,09:21:11.000,283.55,150.0,283.1,284.0,300.0
2025-10-01,09:21:12.000,284.38,150.0,283.9,284.85,375.0
2025-10-01,09:21:13.000,283.92,150.0,283.55,284.3,375.0
2025-10-01,09:21:14.000,283.92,150.0,283.55,284.3,375.0
2025-10-01,09:21:15.000,283.02,150.0,282.8,283.25,75.0
2025-10-01,09:21:16.000,283.02,150.0,282.8,283.25,75.0
2025-10-01,09:21:17.000,281.48,150.0,281.05,281.9,525.0
2025-10-01,09:21:18.000,281.58,150.0,281.25,281.9,450.0
2025-10-01,09:21:19.000,281.58,150.0,281.25,281.9,450.0
2025-10-01,09:21:20.000,281.9,150.0,281.4,282.4,300.0
2025-10-01,09:21:21.000,281.9,150.0,281.4,282.4,300.0
2025-10-01,09:21:22.000,281.7,75.0,281.05,282.35,375.0
2025-10-01,09:21:23.000,283.65,150.0,283.15,284.15,300.0
2025-10-01,09:21:24.000,283.65,150.0,283.15,284.15,300.0
2025-10-01,09:21:25.000,284.88,150.0,284.3,285.45,300.0
2025-10-01,09:21:26.000,284.88,150.0,284.3,285.45,300.0
2025-10-01,09:21:27.000,285.0,150.0,284.5,285.5,300.0
2025-10-01,09:21:28.000,285.42,150.0,284.9,285.95,300.0
2025-10-01,09:21:29.000,285.42,150.0,284.9,285.95,300.0
2025-10-01,09:21:30.000,285.75,150.0,285.4,286.1,75.0
2025-10-01,09:21:31.000,285.75,150.0,285.4,286.1,75.0
2025-10-01,09:21:32.000,285.42,150.0,285.0,285.85,525.0
2025-10-01,09:21:33.000,283.98,150.0,283.5,284.45,375.0
2025-10-01,09:21:34.000,283.98,150.0,283.5,284.45,375.0
2025-10-01,09:21:35.000,284.38,150.0,284.0,284.75,375.0
2025-10-01,09:21:36.000,284.38,150.0,284.0,284.75,375.0
2025-10-01,09:21:37.000,284.4,225.0,283.9,284.9,450.0
2025-10-01,09:21:38.000,283.42,300.0,283.0,283.85,75.0
2025-10-01,09:21:39.000,283.42,300.0,283.0,283.85,75.0
2025-10-01,09:21:40.000,283.8,150.0,283.3,284.3,225.0
2025-10-01,09:21:41.000,283.58,150.0,283.0,284.15,300.0
2025-10-01,09:21:42.000,283.58,150.0,283.0,284.15,300.0
2025-10-01,09:21:43.000,282.88,300.0,282.3,283.45,375.0
2025-10-01,09:21:44.000,282.88,300.0,282.3,283.45,375.0
2025-10-01,09:21:45.000,282.98,300.0,282.25,283.7,300.0
2025-10-01,09:21:46.000,283.95,75.0,283.4,284.5,300.0
2025-10-01,09:21:47.000,283.95,75.0,283.4,284.5,300.0
2025-10-01,09:21:48.000,283.23,150.0,282.65,283.8,300.0
2025-10-01,09:21:49.000,283.23,150.0,282.65,283.8,300.0
2025-10-01,09:21:50.000,283.35,150.0,282.75,283.95,300.0
2025-10-01,09:21:51.000,283.05,150.0,282.55,283.55,450.0
2025-10-01,09:21:52.000,283.05,150.0,282.55,283.55,450.0
2025-10-01,09:21:53.000,283.15,150.0,282.7,283.6,75.0
2025-10-01,09:21:54.000,283.33,225.0,283.05,283.6,75.0
2025-10-01,09:21:55.000,283.33,225.0,283.05,283.6,75.0
2025-10-01,09:21:56.000,282.88,150.0,282.35,283.4,375.0
2025-10-01,09:21:57.000,282.88,150.0,282.35,283.4,375.0
2025-10-01,09:21:58.000,281.38,225.0,280.95,281.8,375.0
2025-10-01,09:21:59.000,281.5,150.0,281.15,281.85,75.0
2025-10-01,09:22:00.000,281.5,150.0,281.15,281.85,75.0
2025-10-01,09:22:01.000,280.8,150.0,280.35,281.25,300.0
2025-10-01,09:22:02.000,280.8,150.0,280.35,281.25,300.0
2025-10-01,09:22:03.000,281.75,150.0,281.25,282.25,300.0
2025-10-01,09:22:04.000,280.48,75.0,279.75,281.2,375.0
2025-10-01,09:22:05.000,280.48,75.0,279.75,281.2,375.0
2025-10-01,09:22:06.000,279.92,450.0,279.25,280.6,375.0
2025-10-01,09:22:07.000,279.92,450.0,279.25,280.6,375.0
2025-10-01,09:22:08.000,280.27,150.0,279.85,280.7,300.0
2025-10-01,09:22:09.000,280.32,150.0,279.9,280.75,825.0
2025-10-01,09:22:10.000,280.32,150.0,279.9,280.75,825.0
2025-10-01,09:22:11.000,281.3,150.0,280.8,281.8,525.0
2025-10-01,09:22:12.000,281.3,150.0,280.8,281.8,525.0
2025-10-01,09:22:13.000,280.52,150.0,280.15,280.9,75.0
2025-10-01,09:22:14.000,280.23,150.0,279.65,280.8,525.0
2025-10-01,09:22:15.000,280.23,150.0,279.65,280.8,525.0
2025-10-01,09:22:16.000,279.4,750.0,279.0,279.8,300.0
2025-10-01,09:22:17.000,279.4,750.0,279.0,279.8,300.0
2025-10-01,09:22:18.000,279.75,150.0,279.3,280.2,600.0
2025-10-01,09:22:19.000,279.7,150.0,279.2,280.2,525.0
2025-10-01,09:22:20.000,279.7,150.0,279.2,280.2,525.0
2025-10-01,09:22:21.000,279.3,150.0,278.8,279.8,675.0
2025-10-01,09:22:22.000,279.3,150.0,278.8,279.8,675.0
2025-10-01,09:22:23.000,279.45,225.0,278.95,279.95,750.0
2025-10-01,09:22:24.000,279.45,75.0,279.0,279.9,600.0
2025-10-01,09:22:25.000,279.45,75.0,279.0,279.9,600.0
2025-10-01,09:22:26.000,279.25,150.0,278.9,279.6,75.0
2025-10-01,09:22:27.000,279.25,150.0,278.9,279.6,75.0
2025-10-01,09:22:28.000,279.0,150.0,278.55,279.45,675.0
2025-10-01,09:22:29.000,279.82,150.0,279.45,280.2,525.0
2025-10-01,09:22:30.000,279.82,150.0,279.45,280.2,525.0
2025-10-01,09:22:31.000,280.02,150.0,279.6,280.45,525.0
2025-10-01,09:22:32.000,280.02,150.0,279.6,280.45,525.0
2025-10-01,09:22:33.000,279.88,75.0,279.4,280.35,675.0
2025-10-01,09:22:34.000,280.52,375.0,280.05,281.0,525.0
2025-10-01,09:22:35.000,280.52,375.0,280.05,281.0,525.0
2025-10-01,09:22:36.000,280.2,225.0,279.7,280.7,600.0
2025-10-01,09:22:37.000,280.2,225.0,279.7,280.7,600.0
2025-10-01,09:22:38.000,280.92,150.0,280.4,281.45,750.0
2025-10-01,09:22:39.000,280.3,75.0,279.9,280.7,525.0
2025-10-01,09:22:40.000,280.3,75.0,279.9,280.7,525.0
2025-10-01,09:22:41.000,280.38,75.0,279.85,280.9,825.0
2025-10-01,09:22:42.000,280.15,75.0,279.85,280.45,375.0
2025-10-01,09:22:43.000,280.15,75.0,279.85,280.45,375.0
2025-10-01,09:22:44.000,280.25,75.0,279.85,280.65,525.0
2025-10-01,09:22:45.000,280.25,75.0,279.85,280.65,525.0
2025-10-01,09:22:46.000,280.17,375.0,279.65,280.7,375.0
2025-10-01,09:22:47.000,279.48,150.0,279.0,279.95,750.0
2025-10-01,09:22:48.000,279.48,150.0,279.0,279.95,750.0
2025-10-01,09:22:49.000,279.65,225.0,279.25,280.05,75.0
2025-10-01,09:22:50.000,279.65,225.0,279.25,280.05,75.0
2025-10-01,09:22:51.000,279.6,525.0,279.15,280.05,525.0
2025-10-01,09:22:52.000,280.52,75.0,280.0,281.05,975.0
2025-10-01,09:22:53.000,280.52,75.0,280.0,281.05,975.0
2025-10-01,09:22:54.000,280.23,75.0,279.75,280.7,525.0
2025-10-01,09:22:55.000,280.23,75.0,279.75,280.7,525.0
2025-10-01,09:22:56.000,280.58,450.0,280.05,281.1,525.0
2025-10-01,09:22:57.000,281.82,75.0,281.45,282.2,300.0
2025-10-01,09:22:58.000,281.82,75.0,281.45,282.2,300.0
2025-10-01,09:22:59.000,281.33,75.0,280.85,281.8,300.0
2025-10-01,09:23:00.000,281.33,75.0,280.85,281.8,300.0
2025-10-01,09:23:01.000,281.12,75.0,280.8,281.45,75.0
2025-10-01,09:23:02.000,281.45,150.0,280.9,282.0,525.0
2025-10-01,09:23:03.000,281.45,150.0,280.9,282.0,525.0
2025-10-01,09:23:04.000,281.45,225.0,280.8,282.1,525.0
2025-10-01,09:23:05.000,281.45,225.0,280.8,282.1,525.0
2025-10-01,09:23:06.000,281.67,150.0,281.15,282.2,600.0
2025-10-01,09:23:07.000,281.67,150.0,281.15,282.2,600.0
2025-10-01,09:23:08.000,280.8,150.0,280.3,281.3,525.0
2025-10-01,09:23:09.000,281.05,150.0,280.6,281.5,300.0
2025-10-01,09:23:10.000,281.05,150.0,280.6,281.5,300.0
2025-10-01,09:23:11.000,281.45,75.0,281.0,281.9,600.0
2025-10-01,09:23:12.000,281.45,75.0,281.0,281.9,600.0
2025-10-01,09:23:13.000,280.45,150.0,280.0,280.9,600.0
2025-10-01,09:23:14.000,280.1,150.0,279.75,280.45,225.0
2025-10-01,09:23:15.000,280.1,150.0,279.75,280.45,225.0
2025-10-01,09:23:16.000,279.68,150.0,279.3,280.05,225.0
2025-10-01,09:23:17.000,279.68,150.0,279.3,280.05,225.0
2025-10-01,09:23:18.000,278.55,150.0,278.05,279.05,600.0
2025-10-01,09:23:19.000,278.88,150.0,278.5,279.25,525.0
2025-10-01,09:23:20.000,278.88,150.0,278.5,279.25,525.0
2025-10-01,09:23:21.000,278.83,150.0,278.35,279.3,600.0
2025-10-01,09:23:22.000,278.83,150.0,278.35,279.3,600.0
2025-10-01,09:23:23.000,279.77,75.0,279.2,280.35,75.0
2025-10-01,09:23:24.000,279.67,150.0,279.2,280.15,525.0
2025-10-01,09:23:25.000,279.67,150.0,279.2,280.15,525.0
2025-10-01,09:23:26.000,280.48,150.0,280.0,280.95,525.0
2025-10-01,09:23:27.000,280.48,150.0,280.0,280.95,525.0
2025-10-01,09:23:28.000,281.15,150.0,280.7,281.6,525.0
2025-10-01,09:23:29.000,281.38,150.0,280.85,281.9,600.0
2025-10-01,09:23:30.000,281.38,150.0,280.85,281.9,600.0
2025-10-01,09:23:31.000,280.4,150.0,279.95,280.85,600.0
2025-10-01,09:23:32.000,280.4,150.0,279.95,280.85,600.0
2025-10-01,09:23:33.000,279.7,375.0,279.25,280.15,375.0
2025-10-01,09:23:34.000,279.58,150.0,279.3,279.85,75.0
2025-10-01,09:23:35.000,279.58,150.0,279.3,279.85,75.0
2025-10-01,09:23:36.000,279.25,150.0,279.0,279.5,75.0
2025-10-01,09:23:37.000,279.25,150.0,279.0,279.5,75.0
2025-10-01,09:23:38.000,280.98,150.0,280.35,281.6,300.0
2025-10-01,09:23:39.000,280.98,450.0,280.4,281.55,525.0
2025-10-01,09:23:40.000,280.98,450.0,280.4,281.55,525.0
2025-10-01,09:23:41.000,280.5,375.0,279.95,281.05,525.0
2025-10-01,09:23:42.000,280.5,375.0,279.95,281.05,525.0
2025-10-01,09:23:43.000,279.7,450.0,279.25,280.15,600.0
2025-10-01,09:23:44.000,279.9,75.0,279.45,280.35,600.0
2025-10-01,09:23:45.000,279.9,75.0,279.45,280.35,600.0
2025-10-01,09:23:46.000,280.27,150.0,279.75,280.8,600.0
2025-10-01,09:23:47.000,280.05,150.0,279.55,280.55,600.0
2025-10-01,09:23:48.000,280.05,150.0,279.55,280.55,600.0
2025-10-01,09:23:49.000,279.75,150.0,279.2,280.3,1050.0
2025-10-01,09:23:50.000,279.75,150.0,279.2,280.3,1050.0
2025-10-01,09:23:51.000,279.38,225.0,278.95,279.8,75.0
2025-10-01,09:23:52.000,278.42,150.0,278.05,278.8,600.0
2025-10-01,09:23:53.000,278.42,150.0,278.05,278.8,600.0
2025-10-01,09:23:54.000,277.7,150.0,277.35,278.05,75.0
2025-10-01,09:23:55.000,277.7,150.0,277.35,278.05,75.0
2025-10-01,09:23:56.000,277.23,75.0,276.75,277.7,675.0
2025-10-01,09:23:57.000,277.85,150.0,277.35,278.35,75.0
2025-10-01,09:23:58.000,277.85,150.0,277.35,278.35,75.0
2025-10-01,09:23:59.000,277.4,150.0,277.0,277.8,675.0
2025-10-01,09:24:00.000,277.4,150.0,277.0,277.8,675.0
2025-10-01,09:24:01.000,277.42,150.0,277.0,277.85,300.0
2025-10-01,09:24:02.000,277.2,150.0,276.95,277.45,75.0
2025-10-01,09:24:03.000,277.2,150.0,276.95,277.45,75.0
2025-10-01,09:24:04.000,277.1,150.0,276.7,277.5,75.0
2025-10-01,09:24:05.000,277.1,150.0,276.7,277.5,75.0
2025-10-01,09:24:06.000,277.25,150.0,276.8,277.7,675.0
2025-10-01,09:24:07.000,276.85,150.0,276.3,277.4,600.0
2025-10-01,09:24:08.000,276.85,150.0,276.3,277.4,600.0
2025-10-01,09:24:09.000,277.2,150.0,276.85,277.55,75.0
2025-10-01,09:24:10.000,277.2,150.0,276.85,277.55,75.0
2025-10-01,09:24:11.000,276.73,150.0,276.35,277.1,75.0
2025-10-01,09:24:12.000,276.8,150.0,276.5,277.1,75.0
2025-10-01,09:24:13.000,276.8,150.0,276.5,277.1,75.0
2025-10-01,09:24:14.000,276.98,150.0,276.65,277.3,300.0
2025-10-01,09:24:15.000,276.98,150.0,276.65,277.3,300.0
2025-10-01,09:24:16.000,277.12,525.0,276.65,277.6,300.0
2025-10-01,09:24:17.000,276.5,600.0,276.1,276.9,75.0
2025-10-01,09:24:18.000,276.5,600.0,276.1,276.9,75.0
2025-10-01,09:24:19.000,275.77,75.0,275.25,276.3,375.0
2025-10-01,09:24:20.000,275.77,75.0,275.25,276.3,375.0
2025-10-01,09:24:21.000,276.32,150.0,276.0,276.65,75.0
2025-10-01,09:24:22.000,275.75,150.0,275.4,276.1,75.0
2025-10-01,09:24:23.000,275.75,150.0,275.4,276.1,75.0
2025-10-01,09:24:24.000,275.88,450.0,275.4,276.35,300.0
2025-10-01,09:24:25.000,275.88,450.0,275.4,276.35,300.0
2025-10-01,09:24:26.000,275.88,75.0,275.4,276.35,75.0
2025-10-01,09:24:27.000,275.7,150.0,275.35,276.05,75.0
2025-10-01,09:24:28.000,275.7,150.0,275.35,276.05,75.0
2025-10-01,09:24:29.000,275.88,150.0,275.5,276.25,75.0
2025-10-01,09:24:30.000,275.88,150.0,275.5,276.25,75.0
2025-10-01,09:24:31.000,276.08,150.0,275.8,276.35,75.0
2025-10-01,09:24:32.000,276.68,225.0,276.25,277.1,75.0
2025-10-01,09:24:33.000,276.68,225.0,276.25,277.1,75.0
2025-10-01,09:24:34.000,277.18,150.0,276.85,277.5,75.0
2025-10-01,09:24:35.000,277.18,150.0,276.85,277.5,75.0
2025-10-01,09:24:36.000,277.9,75.0,277.3,278.5,300.0
2025-10-01,09:24:37.000,278.12,375.0,277.6,278.65,300.0
2025-10-01,09:24:38.000,278.12,375.0,277.6,278.65,300.0
2025-10-01,09:24:39.000,278.27,750.0,277.75,278.8,600.0
2025-10-01,09:24:40.000,278.27,750.0,277.75,278.8,600.0
2025-10-01,09:24:41.000,278.83,375.0,278.3,279.35,525.0
2025-10-01,09:24:42.000,277.95,600.0,277.4,278.5,375.0
2025-10-01,09:24:43.000,277.95,600.0,277.4,278.5,375.0
2025-10-01,09:24:44.000,277.0,450.0,276.55,277.45,675.0
2025-10-01,09:24:45.000,277.0,450.0,276.55,277.45,675.0
2025-10-01,09:24:46.000,277.27,75.0,276.85,277.7,300.0
2025-10-01,09:24:47.000,276.98,225.0,276.55,277.4,375.0
2025-10-01,09:24:48.000,276.98,225.0,276.55,277.4,375.0
2025-10-01,09:24:49.000,276.48,450.0,276.0,276.95,300.0
2025-10-01,09:24:50.000,276.48,450.0,276.0,276.95,300.0
2025-10-01,09:24:51.000,276.35,150.0,276.0,276.7,750.0
2025-10-01,09:24:52.000,275.38,150.0,275.05,275.7,75.0
2025-10-01,09:24:53.000,275.38,150.0,275.05,275.7,75.0
2025-10-01,09:24:54.000,274.45,150.0,274.2,274.7,75.0
2025-10-01,09:24:55.000,274.45,150.0,274.2,274.7,75.0
2025-10-01,09:24:56.000,274.5,150.0,274.25,274.75,225.0
2025-10-01,09:24:57.000,275.58,150.0,275.15,276.0,300.0
2025-10-01,09:24:58.000,275.58,150.0,275.15,276.0,300.0
2025-10-01,09:24:59.000,274.25,150.0,274.1,274.4,75.0
2025-10-01,09:25:00.000,274.25,150.0,274.1,274.4,75.0
2025-10-01,09:25:01.000,273.77,150.0,273.7,273.85,75.0
2025-10-01,09:25:02.000,273.77,150.0,273.7,273.85,75.0
2025-10-01,09:25:03.000,274.4,150.0,274.05,274.75,825.0
2025-10-01,09:25:04.000,273.52,150.0,273.1,273.95,300.0
2025-10-01,09:25:05.000,273.52,150.0,273.1,273.95,300.0
2025-10-01,09:25:06.000,274.42,225.0,274.0,274.85,525.0
2025-10-01,09:25:07.000,274.42,225.0,274.0,274.85,525.0
2025-10-01,09:25:08.000,275.52,375.0,275.05,276.0,300.0
2025-10-01,09:25:09.000,274.67,225.0,274.4,274.95,150.0
2025-10-01,09:25:10.000,274.67,225.0,274.4,274.95,150.0
2025-10-01,09:25:11.000,273.98,75.0,273.65,274.3,225.0
2025-10-01,09:25:12.000,273.98,75.0,273.65,274.3,225.0
2025-10-01,09:25:13.000,273.98,225.0,273.5,274.45,600.0
2025-10-01,09:25:14.000,273.52,225.0,273.1,273.95,600.0
2025-10-01,09:25:15.000,273.52,225.0,273.1,273.95,600.0
2025-10-01,09:25:16.000,273.38,75.0,272.95,273.8,600.0
2025-10-01,09:25:17.000,273.38,75.0,272.95,273.8,600.0
2025-10-01,09:25:18.000,273.38,150.0,273.0,273.75,375.0
2025-10-01,09:25:19.000,272.9,450.0,272.55,273.25,75.0
2025-10-01,09:25:20.000,272.9,450.0,272.55,273.25,75.0
2025-10-01,09:25:21.000,272.88,300.0,272.55,273.2,75.0
2025-10-01,09:25:22.000,273.88,525.0,273.35,274.4,300.0
2025-10-01,09:25:23.000,273.88,525.0,273.35,274.4,300.0
2025-10-01,09:25:24.000,273.0,525.0,272.5,273.5,1125.0
2025-10-01,09:25:25.000,273.0,525.0,272.5,273.5,1125.0
2025-10-01,09:25:26.000,273.73,150.0,273.3,274.15,525.0
2025-10-01,09:25:27.000,273.95,525.0,273.45,274.45,675.0
2025-10-01,09:25:28.000,273.95,525.0,273.45,274.45,675.0
2025-10-01,09:25:29.000,274.45,225.0,274.0,274.9,750.0
2025-10-01,09:25:30.000,274.45,225.0,274.0,274.9,750.0
2025-10-01,09:25:31.000,274.75,450.0,274.15,275.35,525.0
2025-10-01,09:25:32.000,274.52,150.0,274.05,275.0,525.0
2025-10-01,09:25:33.000,274.52,150.0,274.05,275.0,525.0
2025-10-01,09:25:34.000,273.65,150.0,273.2,274.1,375.0
2025-10-01,09:25:35.000,273.65,150.0,273.2,274.1,375.0
2025-10-01,09:25:36.000,274.0,225.0,273.55,274.45,525.0
2025-10-01,09:25:37.000,274.02,150.0,273.7,274.35,375.0
2025-10-01,09:25:38.000,274.02,150.0,273.7,274.35,375.0
2025-10-01,09:25:39.000,272.9,150.0,272.55,273.25,525.0
2025-10-01,09:25:40.000,272.9,150.0,272.55,273.25,525.0
2025-10-01,09:25:41.000,271.52,225.0,271.1,271.95,450.0
2025-10-01,09:25:42.000,272.05,150.0,271.75,272.35,150.0
2025-10-01,09:25:43.000,272.05,150.0,271.75,272.35,150.0
2025-10-01,09:25:44.000,273.0,150.0,272.55,273.45,675.0
2025-10-01,09:25:45.000,273.0,150.0,272.55,273.45,675.0
2025-10-01,09:25:46.000,273.52,300.0,273.1,273.95,300.0
2025-10-01,09:25:47.000,273.1,600.0,272.65,273.55,525.0
2025-10-01,09:25:48.000,273.1,600.0,272.65,273.55,525.0
2025-10-01,09:25:49.000,272.68,225.0,272.5,272.85,450.0
2025-10-01,09:25:50.000,272.68,225.0,272.5,272.85,450.0
2025-10-01,09:25:51.000,272.95,300.0,272.55,273.35,600.0
2025-10-01,09:25:52.000,273.18,300.0,272.75,273.6,300.0
2025-10-01,09:25:53.000,273.18,300.0,272.75,273.6,300.0
2025-10-01,09:25:54.000,273.25,375.0,272.8,273.7,525.0
2025-10-01,09:25:55.000,273.25,375.0,272.8,273.7,525.0
2025-10-01,09:25:56.000,273.3,300.0,272.85,273.75,525.0
2025-10-01,09:25:57.000,274.08,75.0,273.6,274.55,525.0
2025-10-01,09:25:58.000,274.08,75.0,273.6,274.55,525.0
2025-10-01,09:25:59.000,273.9,225.0,273.4,274.4,600.0
2025-10-01,09:26:00.000,273.9,225.0,273.4,274.4,600.0
2025-10-01,09:26:01.000,274.7,75.0,274.3,275.1,600.0
2025-10-01,09:26:02.000,274.32,150.0,273.9,274.75,300.0
2025-10-01,09:26:03.000,274.32,150.0,273.9,274.75,300.0
2025-10-01,09:26:04.000,274.55,150.0,274.15,274.95,600.0
2025-10-01,09:26:05.000,274.55,150.0,274.15,274.95,600.0
2025-10-01,09:26:06.000,275.5,225.0,275.0,276.0,150.0
2025-10-01,09:26:07.000,275.5,225.0,275.0,276.0,150.0
2025-10-01,09:26:08.000,275.5,225.0,275.0,276.0,150.0
2025-10-01,09:26:09.000,276.1,375.0,275.65,276.55,900.0
2025-10-01,09:26:10.000,276.1,375.0,275.65,276.55,900.0
2025-10-01,09:26:11.000,275.92,375.0,275.45,276.4,300.0
2025-10-01,09:26:12.000,276.2,375.0,275.8,276.6,300.0
2025-10-01,09:26:13.000,276.2,375.0,275.8,276.6,300.0
2025-10-01,09:26:14.000,277.58,375.0,277.1,278.05,300.0
2025-10-01,09:26:15.000,277.58,375.0,277.1,278.05,300.0
2025-10-01,09:26:16.000,277.6,525.0,277.05,278.15,375.0
2025-10-01,09:26:17.000,277.77,75.0,277.35,278.2,600.0
2025-10-01,09:26:18.000,277.77,75.0,277.35,278.2,600.0
2025-10-01,09:26:19.000,276.95,75.0,276.4,277.5,825.0
2025-10-01,09:26:20.000,276.95,75.0,276.4,277.5,825.0
2025-10-01,09:26:21.000,275.52,150.0,275.15,275.9,75.0
2025-10-01,09:26:22.000,275.05,1950.0,274.6,275.5,600.0
2025-10-01,09:26:23.000,275.05,1950.0,274.6,275.5,600.0
2025-10-01,09:26:24.000,275.6,75.0,275.2,276.0,900.0
2025-10-01,09:26:25.000,275.6,75.0,275.2,276.0,900.0
2025-10-01,09:26:26.000,274.8,75.0,274.35,275.25,600.0
2025-10-01,09:26:27.000,274.3,225.0,274.0,274.6,75.0
2025-10-01,09:26:28.000,274.3,225.0,274.0,274.6,75.0
2025-10-01,09:26:29.000,275.02,150.0,274.55,275.5,600.0
2025-10-01,09:26:30.000,275.02,150.0,274.55,275.5,600.0
2025-10-01,09:26:31.000,274.82,150.0,274.4,275.25,525.0
2025-10-01,09:26:32.000,274.68,525.0,274.25,275.1,525.0
2025-10-01,09:26:33.000,274.68,525.0,274.25,275.1,525.0
2025-10-01,09:26:34.000,275.3,525.0,274.85,275.75,375.0
2025-10-01,09:26:35.000,275.3,525.0,274.85,275.75,375.0
2025-10-01,09:26:36.000,275.17,525.0,274.7,275.65,525.0
2025-10-01,09:26:37.000,274.82,525.0,274.4,275.25,675.0
2025-10-01,09:26:38.000,274.82,525.0,274.4,275.25,675.0
2025-10-01,09:26:39.000,274.8,150.0,274.3,275.3,600.0
2025-10-01,09:26:40.000,274.8,150.0,274.3,275.3,600.0
2025-10-01,09:26:41.000,274.48,525.0,274.05,274.9,525.0
2025-10-01,09:26:42.000,273.3,150.0,272.85,273.75,600.0
2025-10-01,09:26:43.000,273.3,150.0,272.85,273.75,600.0
2025-10-01,09:26:44.000,273.33,300.0,273.05,273.6,75.0
2025-10-01,09:26:45.000,273.33,300.0,273.05,273.6,75.0
2025-10-01,09:26:46.000,274.02,525.0,273.6,274.45,525.0
2025-10-01,09:26:47.000,274.2,300.0,273.8,274.6,600.0
2025-10-01,09:26:48.000,274.2,300.0,273.8,274.6,600.0
2025-10-01,09:26:49.000,273.77,75.0,273.4,274.15,600.0
2025-10-01,09:26:50.000,273.77,75.0,273.4,274.15,600.0
2025-10-01,09:26:51.000,272.75,450.0,272.35,273.15,75.0
2025-10-01,09:26:52.000,272.92,300.0,272.5,273.35,675.0
2025-10-01,09:26:53.000,272.92,300.0,272.5,273.35,675.0
2025-10-01,09:26:54.000,273.02,75.0,272.65,273.4,600.0
2025-10-01,09:26:55.000,273.02,75.0,272.65,273.4,600.0
2025-10-01,09:26:56.000,272.73,225.0,272.4,273.05,75.0
2025-10-01,09:26:57.000,272.92,75.0,272.6,273.25,375.0
2025-10-01,09:26:58.000,272.92,75.0,272.6,273.25,375.0
2025-10-01,09:26:59.000,273.3,75.0,272.95,273.65,525.0
2025-10-01,09:27:00.000,273.3,75.0,272.95,273.65,525.0
2025-10-01,09:27:01.000,272.55,75.0,272.15,272.95,600.0
2025-10-01,09:27:02.000,272.82,75.0,272.45,273.2,525.0
2025-10-01,09:27:03.000,272.82,75.0,272.45,273.2,525.0
2025-10-01,09:27:04.000,273.3,75.0,272.85,273.75,600.0
2025-10-01,09:27:05.000,273.3,75.0,272.85,273.75,600.0
2025-10-01,09:27:06.000,273.55,150.0,273.1,274.0,525.0
2025-10-01,09:27:07.000,273.8,75.0,273.35,274.25,525.0
2025-10-01,09:27:08.000,273.8,75.0,273.35,274.25,525.0
2025-10-01,09:27:09.000,273.18,75.0,272.8,273.55,600.0
2025-10-01,09:27:10.000,273.18,75.0,272.8,273.55,600.0
2025-10-01,09:27:11.000,272.8,75.0,272.4,273.2,600.0
2025-10-01,09:27:12.000,272.77,225.0,272.4,273.15,600.0
2025-10-01,09:27:13.000,272.77,225.0,272.4,273.15,600.0
2025-10-01,09:27:14.000,273.12,75.0,272.7,273.55,300.0
2025-10-01,09:27:15.000,273.12,75.0,272.7,273.55,300.0
2025-10-01,09:27:16.000,273.1,300.0,272.65,273.55,525.0
2025-10-01,09:27:17.000,272.7,75.0,272.35,273.05,525.0
2025-10-01,09:27:18.000,272.7,75.0,272.35,273.05,525.0
2025-10-01,09:27:19.000,273.5,75.0,273.15,273.85,525.0
2025-10-01,09:27:20.000,273.5,75.0,273.15,273.85,525.0
2025-10-01,09:27:21.000,273.5,75.0,273.15,273.85,525.0
2025-10-01,09:27:22.000,273.7,300.0,273.25,274.15,300.0
2025-10-01,09:27:23.000,273.7,300.0,273.25,274.15,300.0
2025-10-01,09:27:24.000,273.85,75.0,273.4,274.3,300.0
2025-10-01,09:27:25.000,273.85,75.0,273.4,274.3,300.0
2025-10-01,09:27:26.000,274.38,525.0,273.9,274.85,525.0
2025-10-01,09:27:27.000,273.48,225.0,273.0,273.95,525.0
2025-10-01,09:27:28.000,273.48,225.0,273.0,273.95,525.0
2025-10-01,09:27:29.000,273.1,450.0,272.6,273.6,525.0
2025-10-01,09:27:30.000,273.1,450.0,272.6,273.6,525.0
2025-10-01,09:27:31.000,272.27,150.0,271.9,272.65,75.0
2025-10-01,09:27:32.000,272.12,75.0,271.7,272.55,600.0
2025-10-01,09:27:33.000,272.12,75.0,271.7,272.55,600.0
2025-10-01,09:27:34.000,271.58,75.0,271.15,272.0,75.0
2025-10-01,09:27:35.000,271.58,75.0,271.15,272.0,75.0
2025-10-01,09:27:36.000,271.88,75.0,271.4,272.35,825.0
2025-10-01,09:27:37.000,272.05,75.0,271.6,272.5,300.0
2025-10-01,09:27:38.000,272.05,75.0,271.6,272.5,300.0
2025-10-01,09:27:39.000,272.27,450.0,271.85,272.7,300.0
2025-10-01,09:27:40.000,272.27,450.0,271.85,272.7,300.0
2025-10-01,09:27:41.000,272.5,225.0,272.05,272.95,300.0
2025-10-01,09:27:42.000,272.92,300.0,272.45,273.4,525.0
2025-10-01,09:27:43.000,272.92,300.0,272.45,273.4,525.0
2025-10-01,09:27:44.000,272.52,300.0,272.1,272.95,525.0
2025-10-01,09:27:45.000,272.52,300.0,272.1,272.95,525.0
2025-10-01,09:27:46.000,272.62,525.0,272.15,273.1,525.0
2025-10-01,09:27:47.000,272.1,225.0,271.6,272.6,300.0
2025-10-01,09:27:48.000,272.1,225.0,271.6,272.6,300.0
2025-10-01,09:27:49.000,272.18,75.0,271.75,272.6,525.0
2025-10-01,09:27:50.000,272.18,75.0,271.75,272.6,525.0
2025-10-01,09:27:51.000,272.55,375.0,272.1,273.0,225.0
2025-10-01,09:27:52.000,272.27,300.0,271.85,272.7,300.0
2025-10-01,09:27:53.000,272.27,300.0,271.85,272.7,300.0
2025-10-01,09:27:54.000,272.55,300.0,272.15,272.95,525.0
2025-10-01,09:27:55.000,272.55,300.0,272.15,272.95,525.0
2025-10-01,09:27:56.000,272.45,450.0,272.05,272.85,525.0
2025-10-01,09:27:57.000,272.85,450.0,272.45,273.25,300.0
2025-10-01,09:27:58.000,272.85,450.0,272.45,273.25,300.0
2025-10-01,09:27:59.000,272.92,375.0,272.45,273.4,525.0
2025-10-01,09:28:00.000,272.92,375.0,272.45,273.4,525.0
2025-10-01,09:28:01.000,271.9,375.0,271.45,272.35,375.0
2025-10-01,09:28:02.000,271.7,225.0,271.3,272.1,300.0
2025-10-01,09:28:03.000,271.7,225.0,271.3,272.1,300.0
2025-10-01,09:28:04.000,271.18,300.0,270.85,271.5,225.0
2025-10-01,09:28:05.000,271.18,300.0,270.85,271.5,225.0
2025-10-01,09:28:06.000,271.7,225.0,271.25,272.15,375.0
2025-10-01,09:28:07.000,270.95,150.0,270.5,271.4,75.0
2025-10-01,09:28:08.000,270.95,150.0,270.5,271.4,75.0
2025-10-01,09:28:09.000,271.4,150.0,271.0,271.8,375.0
2025-10-01,09:28:10.000,271.4,150.0,271.0,271.8,375.0
2025-10-01,09:28:11.000,271.0,375.0,270.6,271.4,825.0
2025-10-01,09:28:12.000,270.92,75.0,270.5,271.35,825.0
2025-10-01,09:28:13.000,270.92,75.0,270.5,271.35,825.0
2025-10-01,09:28:14.000,270.82,300.0,270.4,271.25,600.0
2025-10-01,09:28:15.000,270.82,300.0,270.4,271.25,600.0
2025-10-01,09:28:16.000,271.75,225.0,271.35,272.15,300.0
2025-10-01,09:28:17.000,271.08,375.0,270.6,271.55,525.0
2025-10-01,09:28:18.000,271.08,375.0,270.6,271.55,525.0
2025-10-01,09:28:19.000,271.6,75.0,271.15,272.05,300.0
2025-10-01,09:28:20.000,271.6,75.0,271.15,272.05,300.0
2025-10-01,09:28:21.000,272.23,75.0,271.85,272.6,525.0
2025-10-01,09:28:22.000,271.38,75.0,270.95,271.8,375.0
2025-10-01,09:28:23.000,271.38,75.0,270.95,271.8,375.0
2025-10-01,09:28:24.000,271.08,75.0,270.65,271.5,525.0
2025-10-01,09:28:25.000,271.08,75.0,270.65,271.5,525.0
2025-10-01,09:28:26.000,270.42,225.0,270.1,270.75,75.0
2025-10-01,09:28:27.000,270.2,150.0,269.85,270.55,75.0
2025-10-01,09:28:28.000,270.2,150.0,269.85,270.55,75.0
2025-10-01,09:28:29.000,270.02,225.0,269.6,270.45,375.0
2025-10-01,09:28:30.000,270.02,225.0,269.6,270.45,375.0
2025-10-01,09:28:31.000,269.55,225.0,269.05,270.05,375.0
2025-10-01,09:28:32.000,270.02,225.0,269.6,270.45,600.0
2025-10-01,09:28:33.000,270.02,225.0,269.6,270.45,600.0
2025-10-01,09:28:34.000,269.8,225.0,269.4,270.2,525.0
2025-10-01,09:28:35.000,269.8,225.0,269.4,270.2,525.0
2025-10-01,09:28:36.000,269.38,75.0,268.95,269.8,300.0
2025-10-01,09:28:37.000,269.5,225.0,269.05,269.95,600.0
2025-10-01,09:28:38.000,269.5,225.0,269.05,269.95,600.0
2025-10-01,09:28:39.000,269.92,150.0,269.45,270.4,300.0
2025-10-01,09:28:40.000,269.75,150.0,269.3,270.2,525.0
2025-10-01,09:28:41.000,269.75,150.0,269.3,270.2,525.0
2025-10-01,09:28:42.000,270.08,75.0,269.65,270.5,300.0
2025-10-01,09:28:43.000,270.08,75.0,269.65,270.5,300.0
2025-10-01,09:28:44.000,269.73,75.0,269.3,270.15,300.0
2025-10-01,09:28:45.000,269.73,75.0,269.3,270.15,300.0
2025-10-01,09:28:46.000,269.52,300.0,269.1,269.95,525.0
2025-10-01,09:28:47.000,269.3,75.0,268.9,269.7,600.0
2025-10-01,09:28:48.000,269.3,75.0,268.9,269.7,600.0
2025-10-01,09:28:49.000,269.85,75.0,269.4,270.3,450.0
2025-10-01,09:28:50.000,269.8,75.0,269.35,270.25,600.0
2025-10-01,09:28:51.000,269.8,75.0,269.35,270.25,600.0
2025-10-01,09:28:52.000,270.42,225.0,269.95,270.9,300.0
2025-10-01,09:28:53.000,270.42,225.0,269.95,270.9,300.0
2025-10-01,09:28:54.000,270.12,375.0,269.6,270.65,525.0
2025-10-01,09:28:55.000,269.42,225.0,269.0,269.85,525.0
2025-10-01,09:28:56.000,269.42,225.0,269.0,269.85,525.0
2025-10-01,09:28:57.000,270.25,150.0,269.8,270.7,825.0
2025-10-01,09:28:58.000,270.25,150.0,269.8,270.7,825.0
2025-10-01,09:28:59.000,270.08,525.0,269.65,270.5,600.0
2025-10-01,09:29:00.000,269.55,150.0,269.15,269.95,300.0
2025-10-01,09:29:01.000,269.55,150.0,269.15,269.95,300.0
2025-10-01,09:29:02.000,270.58,75.0,270.15,271.0,450.0
2025-10-01,09:29:03.000,270.58,75.0,270.15,271.0,450.0
2025-10-01,09:29:04.000,270.3,75.0,269.9,270.7,525.0
2025-10-01,09:29:05.000,270.27,75.0,269.85,270.7,900.0
2025-10-01,09:29:06.000,270.27,75.0,269.85,270.7,900.0
2025-10-01,09:29:07.000,270.42,75.0,270.0,270.85,525.0
2025-10-01,09:29:08.000,270.42,75.0,270.0,270.85,525.0
2025-10-01,09:29:09.000,269.98,150.0,269.55,270.4,600.0
2025-10-01,09:29:10.000,271.02,75.0,270.55,271.5,525.0
2025-10-01,09:29:11.000,271.02,75.0,270.55,271.5,525.0
2025-10-01,09:29:12.000,270.05,75.0,269.45,270.65,525.0
2025-10-01,09:29:13.000,270.05,75.0,269.45,270.65,525.0
2025-10-01,09:29:14.000,269.85,225.0,269.3,270.4,525.0
2025-10-01,09:29:15.000,269.85,225.0,269.3,270.4,525.0
2025-10-01,09:29:16.000,269.8,75.0,269.2,270.4,525.0
2025-10-01,09:29:17.000,270.8,450.0,270.35,271.25,525.0
2025-10-01,09:29:18.000,270.8,450.0,270.35,271.25,525.0
2025-10-01,09:29:19.000,270.58,75.0,270.15,271.0,300.0
2025-10-01,09:29:20.000,270.58,75.0,270.15,271.0,300.0
2025-10-01,09:29:21.000,270.2,300.0,269.7,270.7,600.0
2025-10-01,09:29:22.000,268.65,150.0,268.2,269.1,525.0
2025-10-01,09:29:23.000,268.65,150.0,268.2,269.1,525.0
2025-10-01,09:29:24.000,268.85,75.0,268.5,269.2,300.0
2025-10-01,09:29:25.000,268.85,75.0,268.5,269.2,300.0
2025-10-01,09:29:26.000,268.35,75.0,267.95,268.75,600.0
2025-10-01,09:29:27.000,267.95,75.0,267.65,268.25,75.0
2025-10-01,09:29:28.000,267.95,75.0,267.65,268.25,75.0
2025-10-01,09:29:29.000,268.6,75.0,268.25,268.95,375.0
2025-10-01,09:29:30.000,268.1,75.0,267.75,268.45,300.0
2025-10-01,09:29:31.000,268.1,75.0,267.75,268.45,300.0
2025-10-01,09:29:32.000,268.35,300.0,267.85,268.85,300.0
2025-10-01,09:29:33.000,268.35,300.0,267.85,268.85,300.0
2025-10-01,09:29:34.000,268.27,75.0,267.9,268.65,375.0
2025-10-01,09:29:35.000,268.05,150.0,267.6,268.5,900.0
2025-10-01,09:29:36.000,268.05,150.0,267.6,268.5,900.0
2025-10-01,09:29:37.000,268.15,75.0,267.75,268.55,900.0
2025-10-01,09:29:38.000,268.15,75.0,267.75,268.55,900.0
2025-10-01,09:29:39.000,267.42,75.0,266.95,267.9,375.0
2025-10-01,09:29:40.000,266.05,75.0,265.4,266.7,300.0
2025-10-01,09:29:41.000,266.05,75.0,265.4,266.7,300.0
2025-10-01,09:29:42.000,267.45,225.0,266.95,267.95,300.0
2025-10-01,09:29:43.000,267.45,225.0,266.95,267.95,300.0
2025-10-01,09:29:44.000,267.3,300.0,266.75,267.85,375.0
2025-10-01,09:29:45.000,267.5,75.0,267.05,267.95,525.0
2025-10-01,09:29:46.000,267.5,75.0,267.05,267.95,525.0
2025-10-01,09:29:47.000,267.18,150.0,266.75,267.6,75.0
2025-10-01,09:29:48.000,267.18,150.0,266.75,267.6,75.0
2025-10-01,09:29:49.000,267.3,75.0,266.95,267.65,225.0
2025-10-01,09:29:50.000,268.38,75.0,267.95,268.8,75.0
2025-10-01,09:29:51.000,268.38,75.0,267.95,268.8,75.0
2025-10-01,09:29:52.000,267.52,75.0,267.1,267.95,225.0
2025-10-01,09:29:53.000,267.52,75.0,267.1,267.95,225.0
2025-10-01,09:29:54.000,266.58,75.0,266.05,267.1,225.0
2025-10-01,09:29:55.000,266.7,525.0,266.3,267.1,75.0
2025-10-01,09:29:56.000,266.7,525.0,266.3,267.1,75.0
2025-10-01,09:29:57.000,266.52,300.0,266.15,266.9,225.0
2025-10-01,09:29:58.000,266.52,300.0,266.15,266.9,225.0
2025-10-01,09:29:59.000,266.3,375.0,265.9,266.7,75.0
2025-10-01,09:30:00.000,267.15,75.0,266.75,267.55,300.0
2025-10-01,09:30:01.000,267.15,75.0,266.75,267.55,300.0
2025-10-01,09:30:02.000,266.7,75.0,266.2,267.2,225.0
2025-10-01,09:30:03.000,266.7,75.0,266.2,267.2,225.0
2025-10-01,09:30:04.000,266.35,75.0,265.95,266.75,300.0
2025-10-01,09:30:05.000,266.15,75.0,265.75,266.55,375.0
2025-10-01,09:30:06.000,266.15,75.0,265.75,266.55,375.0
2025-10-01,09:30:07.000,265.88,375.0,265.45,266.3,75.0
2025-10-01,09:30:08.000,265.88,375.0,265.45,266.3,75.0
2025-10-01,09:30:09.000,265.73,300.0,265.25,266.2,150.0
2025-10-01,09:30:10.000,265.58,75.0,265.15,266.0,225.0
2025-10-01,09:30:11.000,265.58,75.0,265.15,266.0,225.0
2025-10-01,09:30:12.000,265.85,300.0,265.4,266.3,525.0
2025-10-01,09:30:13.000,265.85,300.0,265.4,266.3,525.0
2025-10-01,09:30:14.000,265.55,75.0,265.2,265.9,75.0
2025-10-01,09:30:15.000,264.15,450.0,263.8,264.5,75.0
2025-10-01,09:30:16.000,264.15,450.0,263.8,264.5,75.0
2025-10-01,09:30:17.000,263.85,75.0,263.5,264.2,75.0
2025-10-01,09:30:18.000,263.85,75.0,263.5,264.2,75.0
2025-10-01,09:30:19.000,264.0,75.0,263.6,264.4,75.0
2025-10-01,09:30:20.000,263.38,525.0,262.8,263.95,225.0
2025-10-01,09:30:21.000,263.38,525.0,262.8,263.95,225.0
2025-10-01,09:30:22.000,264.02,75.0,263.7,264.35,525.0
2025-10-01,09:30:23.000,264.02,75.0,263.7,264.35,525.0
2025-10-01,09:30:24.000,264.38,75.0,263.95,264.8,75.0
2025-10-01,09:30:25.000,264.15,75.0,263.85,264.45,225.0
2025-10-01,09:30:26.000,264.15,75.0,263.85,264.45,225.0
2025-10-01,09:30:27.000,264.6,300.0,264.2,265.0,300.0
2025-10-01,09:30:28.000,264.6,300.0,264.2,265.0,300.0
2025-10-01,09:30:29.000,264.88,75.0,264.45,265.3,75.0
2025-10-01,09:30:30.000,263.6,375.0,263.15,264.05,150.0
2025-10-01,09:30:31.000,263.6,375.0,263.15,264.05,150.0
2025-10-01,09:30:32.000,263.75,300.0,263.3,264.2,75.0
2025-10-01,09:30:33.000,263.75,300.0,263.3,264.2,75.0
2025-10-01,09:30:34.000,263.35,375.0,263.0,263.7,75.0
2025-10-01,09:30:35.000,263.1,450.0,262.7,263.5,150.0
2025-10-01,09:30:36.000,263.1,450.0,262.7,263.5,150.0
2025-10-01,09:30:37.000,262.98,75.0,262.6,263.35,225.0
2025-10-01,09:30:38.000,262.98,75.0,262.6,263.35,225.0
2025-10-01,09:30:39.000,262.8,450.0,262.4,263.2,75.0
2025-10-01,09:30:40.000,262.2,75.0,261.8,262.6,450.0
2025-10-01,09:30:41.000,262.2,75.0,261.8,262.6,450.0
2025-10-01,09:30:42.000,260.62,300.0,260.25,261.0,150.0
2025-10-01,09:30:43.000,260.62,300.0,260.25,261.0,150.0
2025-10-01,09:30:44.000,261.5,525.0,261.1,261.9,75.0
2025-10-01,09:30:45.000,260.85,300.0,260.35,261.35,300.0
2025-10-01,09:30:46.000,260.85,300.0,260.35,261.35,300.0
2025-10-01,09:30:47.000,260.55,225.0,260.15,260.95,225.0
2025-10-01,09:30:48.000,260.55,225.0,260.15,260.95,225.0
2025-10-01,09:30:49.000,259.73,300.0,259.25,260.2,150.0
2025-10-01,09:30:50.000,260.42,75.0,260.05,260.8,600.0
2025-10-01,09:30:51.000,260.42,75.0,260.05,260.8,600.0
2025-10-01,09:30:52.000,260.92,300.0,260.5,261.35,225.0
2025-10-01,09:30:53.000,260.92,300.0,260.5,261.35,225.0
2025-10-01,09:30:54.000,260.52,450.0,260.1,260.95,300.0
2025-10-01,09:30:55.000,260.05,450.0,259.6,260.5,675.0
2025-10-01,09:30:56.000,260.05,450.0,259.6,260.5,675.0
2025-10-01,09:30:57.000,260.52,525.0,260.05,261.0,75.0
2025-10-01,09:30:58.000,260.52,525.0,260.05,261.0,75.0
2025-10-01,09:30:59.000,260.27,75.0,259.85,260.7,375.0
2025-10-01,09:31:00.000,260.52,150.0,260.1,260.95,225.0
2025-10-01,09:31:01.000,260.52,150.0,260.1,260.95,225.0
2025-10-01,09:31:02.000,260.4,75.0,260.05,260.75,675.0
2025-10-01,09:31:03.000,260.4,75.0,260.05,260.75,675.0
2025-10-01,09:31:04.000,260.0,150.0,259.6,260.4,375.0
2025-10-01,09:31:05.000,259.62,75.0,259.25,260.0,600.0
2025-10-01,09:31:06.000,259.62,75.0,259.25,260.0,600.0
2025-10-01,09:31:07.000,260.08,525.0,259.6,260.55,525.0
2025-10-01,09:31:08.000,260.08,525.0,259.6,260.55,525.0
2025-10-01,09:31:09.000,260.52,600.0,260.1,260.95,225.0
2025-10-01,09:31:10.000,260.42,225.0,260.0,260.85,225.0
2025-10-01,09:31:11.000,260.42,225.0,260.0,260.85,225.0
2025-10-01,09:31:12.000,260.62,75.0,260.2,261.05,225.0
2025-10-01,09:31:13.000,260.62,75.0,260.2,261.05,225.0
2025-10-01,09:31:14.000,259.38,75.0,258.95,259.8,75.0
2025-10-01,09:31:15.000,259.38,75.0,258.95,259.8,75.0
2025-10-01,09:31:16.000,259.25,150.0,258.85,259.65,225.0
2025-10-01,09:31:17.000,260.0,300.0,259.6,260.4,300.0
2025-10-01,09:31:18.000,260.0,300.0,259.6,260.4,300.0
2025-10-01,09:31:19.000,259.62,75.0,259.25,260.0,450.0
2025-10-01,09:31:20.000,259.25,75.0,258.85,259.65,1050.0
2025-10-01,09:31:21.000,259.25,75.0,258.85,259.65,1050.0
2025-10-01,09:31:22.000,259.15,150.0,258.8,259.5,75.0
2025-10-01,09:31:23.000,259.15,150.0,258.8,259.5,75.0
2025-10-01,09:31:24.000,259.2,75.0,258.8,259.6,300.0
2025-10-01,09:31:25.000,259.18,150.0,258.8,259.55,225.0
2025-10-01,09:31:26.000,259.18,150.0,258.8,259.55,225.0
2025-10-01,09:31:27.000,259.35,225.0,259.0,259.7,75.0
2025-10-01,09:31:28.000,259.35,225.0,259.0,259.7,75.0
2025-10-01,09:31:29.000,259.88,450.0,259.5,260.25,300.0
2025-10-01,09:31:30.000,259.85,225.0,259.5,260.2,75.0
2025-10-01,09:31:31.000,259.85,225.0,259.5,260.2,75.0
2025-10-01,09:31:32.000,260.05,600.0,259.65,260.45,225.0
2025-10-01,09:31:33.000,260.05,600.0,259.65,260.45,225.0
2025-10-01,09:31:34.000,259.23,75.0,258.8,259.65,225.0
2025-10-01,09:31:35.000,259.95,75.0,259.65,260.25,450.0
2025-10-01,09:31:36.000,259.95,75.0,259.65,260.25,450.0
2025-10-01,09:31:37.000,259.2,300.0,258.8,259.6,75.0
2025-10-01,09:31:38.000,259.2,300.0,258.8,259.6,75.0
2025-10-01,09:31:39.000,259.15,75.0,258.75,259.55,225.0
2025-10-01,09:31:40.000,259.02,375.0,258.6,259.45,375.0
2025-10-01,09:31:41.000,259.02,375.0,258.6,259.45,375.0
2025-10-01,09:31:42.000,258.55,75.0,258.1,259.0,75.0
2025-10-01,09:31:43.000,258.55,75.0,258.1,259.0,75.0
2025-10-01,09:31:44.000,258.55,75.0,258.15,258.95,375.0
2025-10-01,09:31:45.000,258.55,75.0,258.15,258.95,375.0
2025-10-01,09:31:46.000,258.55,525.0,258.15,258.95,375.0
2025-10-01,09:31:47.000,259.27,75.0,258.9,259.65,225.0
2025-10-01,09:31:48.000,259.27,75.0,258.9,259.65,225.0
2025-10-01,09:31:49.000,259.3,75.0,258.95,259.65,225.0
2025-10-01,09:31:50.000,259.3,75.0,258.95,259.65,225.0
2025-10-01,09:31:51.000,259.33,300.0,258.85,259.8,375.0
2025-10-01,09:31:52.000,259.25,75.0,258.85,259.65,450.0
2025-10-01,09:31:53.000,259.25,75.0,258.85,259.65,450.0
2025-10-01,09:31:54.000,259.2,450.0,258.8,259.6,825.0
2025-10-01,09:31:55.000,259.35,225.0,258.95,259.75,225.0
2025-10-01,09:31:56.000,259.35,225.0,258.95,259.75,225.0
2025-10-01,09:31:57.000,260.45,225.0,260.05,260.85,225.0
2025-10-01,09:31:58.000,260.45,225.0,260.05,260.85,225.0
2025-10-01,09:31:59.000,261.42,75.0,261.0,261.85,225.0
2025-10-01,09:32:00.000,261.15,450.0,260.7,261.6,300.0
2025-10-01,09:32:01.000,261.15,450.0,260.7,261.6,300.0
2025-10-01,09:32:02.000,261.52,75.0,261.2,261.85,375.0
2025-10-01,09:32:03.000,261.52,75.0,261.2,261.85,375.0
2025-10-01,09:32:04.000,260.48,75.0,260.15,260.8,225.0
2025-10-01,09:32:05.000,260.7,525.0,260.3,261.1,600.0
2025-10-01,09:32:06.000,260.7,525.0,260.3,261.1,600.0
2025-10-01,09:32:07.000,260.8,375.0,260.4,261.2,300.0
2025-10-01,09:32:08.000,260.8,375.0,260.4,261.2,300.0
2025-10-01,09:32:09.000,260.95,150.0,260.6,261.3,825.0
2025-10-01,09:32:10.000,261.62,75.0,261.2,262.05,225.0
2025-10-01,09:32:11.000,261.62,75.0,261.2,262.05,225.0
2025-10-01,09:32:12.000,261.1,525.0,260.65,261.55,225.0
2025-10-01,09:32:13.000,261.1,525.0,260.65,261.55,225.0
2025-10-01,09:32:14.000,261.52,75.0,261.1,261.95,675.0
2025-10-01,09:32:15.000,261.68,225.0,261.25,262.1,525.0
2025-10-01,09:32:16.000,261.68,225.0,261.25,262.1,525.0
2025-10-01,09:32:17.000,262.32,75.0,261.9,262.75,225.0
2025-10-01,09:32:18.000,261.68,450.0,261.25,262.1,450.0
2025-10-01,09:32:19.000,261.68,450.0,261.25,262.1,450.0
2025-10-01,09:32:20.000,261.82,525.0,261.45,262.2,75.0
2025-10-01,09:32:21.000,261.82,525.0,261.45,262.2,75.0
2025-10-01,09:32:22.000,262.18,75.0,261.8,262.55,150.0
2025-10-01,09:32:23.000,262.1,450.0,261.7,262.5,375.0
2025-10-01,09:32:24.000,262.1,450.0,261.7,262.5,375.0
2025-10-01,09:32:25.000,262.45,300.0,262.05,262.85,375.0
2025-10-01,09:32:26.000,262.45,300.0,262.05,262.85,375.0
2025-10-01,09:32:27.000,262.48,75.0,262.15,262.8,300.0
2025-10-01,09:32:28.000,262.27,75.0,261.9,262.65,375.0
2025-10-01,09:32:29.000,262.27,75.0,261.9,262.65,375.0
2025-10-01,09:32:30.000,262.58,75.0,262.25,262.9,375.0
2025-10-01,09:32:31.000,262.58,75.0,262.25,262.9,375.0
2025-10-01,09:32:32.000,263.05,375.0,262.7,263.4,375.0
2025-10-01,09:32:33.000,262.3,675.0,261.95,262.65,675.0
2025-10-01,09:32:34.000,262.3,675.0,261.95,262.65,675.0
2025-10-01,09:32:35.000,262.45,150.0,262.05,262.85,300.0
2025-10-01,09:32:36.000,262.45,150.0,262.05,262.85,300.0
2025-10-01,09:32:37.000,262.82,75.0,262.45,263.2,375.0
2025-10-01,09:32:38.000,263.25,75.0,262.85,263.65,375.0
2025-10-01,09:32:39.000,263.25,75.0,262.85,263.65,375.0
2025-10-01,09:32:40.000,263.42,75.0,263.1,263.75,750.0
2025-10-01,09:32:41.000,263.42,75.0,263.1,263.75,750.0
2025-10-01,09:32:42.000,262.9,75.0,262.6,263.2,75.0
2025-10-01,09:32:43.000,263.15,150.0,262.8,263.5,450.0
2025-10-01,09:32:44.000,263.15,150.0,262.8,263.5,450.0
2025-10-01,09:32:45.000,263.42,75.0,263.1,263.75,525.0
2025-10-01,09:32:46.000,262.73,75.0,262.45,263.0,300.0
2025-10-01,09:32:47.000,262.73,75.0,262.45,263.0,300.0
2025-10-01,09:32:48.000,263.38,75.0,263.05,263.7,375.0
2025-10-01,09:32:49.000,263.38,75.0,263.05,263.7,375.0
2025-10-01,09:32:50.000,263.25,225.0,262.9,263.6,75.0
2025-10-01,09:32:51.000,263.68,75.0,263.3,264.05,300.0
2025-10-01,09:32:52.000,263.68,75.0,263.3,264.05,300.0
2025-10-01,09:32:53.000,264.32,75.0,264.0,264.65,375.0
2025-10-01,09:32:54.000,264.32,75.0,264.0,264.65,375.0
2025-10-01,09:32:55.000,264.75,75.0,264.4,265.1,450.0
2025-10-01,09:32:56.000,264.0,75.0,263.65,264.35,675.0
2025-10-01,09:32:57.000,264.0,75.0,263.65,264.35,675.0
2025-10-01,09:32:58.000,263.8,225.0,263.45,264.15,375.0
2025-10-01,09:32:59.000,263.8,225.0,263.45,264.15,375.0
2025-10-01,09:33:00.000,263.02,75.0,262.75,263.3,300.0
2025-10-01,09:33:01.000,262.62,150.0,262.25,263.0,300.0
2025-10-01,09:33:02.000,262.62,150.0,262.25,263.0,300.0
2025-10-01,09:33:03.000,262.4,150.0,262.0,262.8,300.0
2025-10-01,09:33:04.000,262.4,150.0,262.0,262.8,300.0
2025-10-01,09:33:05.000,262.45,75.0,262.1,262.8,375.0
2025-10-01,09:33:06.000,262.67,75.0,262.4,262.95,300.0
2025-10-01,09:33:07.000,262.67,75.0,262.4,262.95,300.0
2025-10-01,09:33:08.000,262.7,75.0,262.4,263.0,375.0
2025-10-01,09:33:09.000,262.0,75.0,261.75,262.25,825.0
2025-10-01,09:33:10.000,262.0,75.0,261.75,262.25,825.0
2025-10-01,09:33:11.000,261.42,75.0,261.15,261.7,600.0
2025-10-01,09:33:12.000,261.42,75.0,261.15,261.7,600.0
2025-10-01,09:33:13.000,262.48,300.0,262.05,262.9,375.0
2025-10-01,09:33:14.000,262.05,75.0,261.7,262.4,300.0
2025-10-01,09:33:15.000,262.05,75.0,261.7,262.4,300.0
2025-10-01,09:33:16.000,261.98,75.0,261.7,262.25,75.0
2025-10-01,09:33:17.000,261.98,75.0,261.7,262.25,75.0
2025-10-01,09:33:18.000,261.95,75.0,261.6,262.3,375.0
2025-10-01,09:33:19.000,261.88,75.0,261.55,262.2,150.0
2025-10-01,09:33:20.000,261.88,75.0,261.55,262.2,150.0
2025-10-01,09:33:21.000,260.8,375.0,260.55,261.05,75.0
2025-10-01,09:33:22.000,260.8,375.0,260.55,261.05,75.0
2025-10-01,09:33:23.000,261.15,225.0,260.8,261.5,300.0
2025-10-01,09:33:24.000,261.12,75.0,260.75,261.5,75.0
2025-10-01,09:33:25.000,261.12,75.0,260.75,261.5,75.0
2025-10-01,09:33:26.000,260.65,600.0,260.3,261.0,225.0
2025-10-01,09:33:27.000,260.65,600.0,260.3,261.0,225.0
2025-10-01,09:33:28.000,260.15,525.0,259.75,260.55,450.0
2025-10-01,09:33:29.000,260.08,525.0,259.7,260.45,450.0
2025-10-01,09:33:30.000,260.08,525.0,259.7,260.45,450.0
2025-10-01,09:33:31.000,259.75,675.0,259.4,260.1,150.0
2025-10-01,09:33:32.000,259.75,675.0,259.4,260.1,150.0
2025-10-01,09:33:33.000,260.27,75.0,259.9,260.65,375.0
2025-10-01,09:33:34.000,260.6,150.0,260.25,260.95,375.0
2025-10-01,09:33:35.000,260.6,150.0,260.25,260.95,375.0
2025-10-01,09:33:36.000,260.55,600.0,260.2,260.9,75.0
2025-10-01,09:33:37.000,260.32,225.0,259.95,260.7,75.0
2025-10-01,09:33:38.000,260.32,225.0,259.95,260.7,75.0
2025-10-01,09:33:39.000,260.7,300.0,260.4,261.0,150.0
2025-10-01,09:33:40.000,260.7,300.0,260.4,261.0,150.0
2025-10-01,09:33:41.000,260.98,375.0,260.65,261.3,75.0
2025-10-01,09:33:42.000,260.7,300.0,260.4,261.0,225.0
2025-10-01,09:33:43.000,260.7,300.0,260.4,261.0,225.0
2025-10-01,09:33:44.000,260.32,75.0,259.95,260.7,375.0
2025-10-01,09:33:45.000,260.32,75.0,259.95,260.7,375.0
2025-10-01,09:33:46.000,260.0,375.0,259.7,260.3,75.0
2025-10-01,09:33:47.000,260.73,375.0,260.35,261.1,75.0
2025-10-01,09:33:48.000,260.73,375.0,260.35,261.1,75.0
2025-10-01,09:33:49.000,260.62,825.0,260.25,261.0,225.0
2025-10-01,09:33:50.000,260.62,825.0,260.25,261.0,225.0
2025-10-01,09:33:51.000,260.3,75.0,259.95,260.65,225.0
2025-10-01,09:33:52.000,260.35,75.0,260.0,260.7,75.0
2025-10-01,09:33:53.000,260.35,75.0,260.0,260.7,75.0
2025-10-01,09:33:54.000,260.3,450.0,259.9,260.7,75.0
2025-10-01,09:33:55.000,260.3,450.0,259.9,260.7,75.0
2025-10-01,09:33:56.000,260.2,900.0,259.8,260.6,375.0
2025-10-01,09:33:57.000,260.15,300.0,259.8,260.5,75.0
2025-10-01,09:33:58.000,260.15,300.0,259.8,260.5,75.0
2025-10-01,09:33:59.000,260.38,300.0,259.9,260.85,150.0
2025-10-01,09:34:00.000,260.38,300.0,259.9,260.85,150.0
2025-10-01,09:34:01.000,259.98,825.0,259.55,260.4,75.0
2025-10-01,09:34:02.000,260.18,75.0,259.8,260.55,225.0
2025-10-01,09:34:03.000,260.18,75.0,259.8,260.55,225.0
2025-10-01,09:34:04.000,259.82,900.0,259.4,260.25,150.0
2025-10-01,09:34:05.000,259.82,900.0,259.4,260.25,150.0
2025-10-01,09:34:06.000,260.08,675.0,259.65,260.5,225.0
2025-10-01,09:34:07.000,260.27,375.0,259.9,260.65,75.0
2025-10-01,09:34:08.000,260.27,375.0,259.9,260.65,75.0
2025-10-01,09:34:09.000,260.3,75.0,259.9,260.7,75.0
2025-10-01,09:34:10.000,260.3,75.0,259.9,260.7,75.0
2025-10-01,09:34:11.000,260.08,675.0,259.65,260.5,150.0
2025-10-01,09:34:12.000,260.0,75.0,259.6,260.4,300.0
2025-10-01,09:34:13.000,260.0,75.0,259.6,260.4,300.0
2025-10-01,09:34:14.000,259.95,300.0,259.55,260.35,300.0
2025-10-01,09:34:15.000,259.95,300.0,259.55,260.35,300.0
2025-10-01,09:34:16.000,260.15,75.0,259.8,260.5,75.0
2025-10-01,09:34:17.000,259.68,450.0,259.3,260.05,75.0
2025-10-01,09:34:18.000,259.68,450.0,259.3,260.05,75.0
2025-10-01,09:34:19.000,260.12,375.0,259.75,260.5,225.0
2025-10-01,09:34:20.000,260.12,375.0,259.75,260.5,225.0
2025-10-01,09:34:21.000,259.27,1125.0,259.0,259.55,300.0
2025-10-01,09:34:22.000,258.4,75.0,258.05,258.75,525.0
2025-10-01,09:34:23.000,258.4,75.0,258.05,258.75,525.0
2025-10-01,09:34:24.000,258.98,150.0,258.65,259.3,75.0
2025-10-01,09:34:25.000,258.98,150.0,258.65,259.3,75.0
2025-10-01,09:34:26.000,259.25,150.0,258.9,259.6,225.0
2025-10-01,09:34:27.000,259.3,225.0,258.9,259.7,525.0
2025-10-01,09:34:28.000,259.3,225.0,258.9,259.7,525.0
2025-10-01,09:34:29.000,259.32,300.0,258.95,259.7,300.0
2025-10-01,09:34:30.000,259.32,300.0,258.95,259.7,300.0
2025-10-01,09:34:31.000,260.08,525.0,259.7,260.45,300.0
2025-10-01,09:34:32.000,259.95,300.0,259.6,260.3,450.0
2025-10-01,09:34:33.000,259.95,300.0,259.6,260.3,450.0
2025-10-01,09:34:34.000,259.25,300.0,258.9,259.6,75.0
2025-10-01,09:34:35.000,259.25,300.0,258.9,259.6,75.0
2025-10-01,09:34:36.000,259.08,375.0,258.75,259.4,75.0
2025-10-01,09:34:37.000,259.23,375.0,258.85,259.6,75.0
2025-10-01,09:34:38.000,259.23,375.0,258.85,259.6,75.0
2025-10-01,09:34:39.000,259.32,300.0,258.95,259.7,300.0
2025-10-01,09:34:40.000,259.32,300.0,258.95,259.7,300.0
2025-10-01,09:34:41.000,259.18,225.0,258.8,259.55,225.0
2025-10-01,09:34:42.000,259.42,75.0,259.0,259.85,300.0
2025-10-01,09:34:43.000,259.42,75.0,259.0,259.85,300.0
2025-10-01,09:34:44.000,259.6,450.0,259.2,260.0,600.0
2025-10-01,09:34:45.000,259.6,450.0,259.2,260.0,600.0
2025-10-01,09:34:46.000,259.88,375.0,259.5,260.25,225.0
2025-10-01,09:34:47.000,260.38,300.0,260.0,260.75,300.0
2025-10-01,09:34:48.000,260.38,300.0,260.0,260.75,300.0
2025-10-01,09:34:49.000,260.27,375.0,259.9,260.65,225.0
2025-10-01,09:34:50.000,260.27,375.0,259.9,260.65,225.0
2025-10-01,09:34:51.000,260.02,375.0,259.6,260.45,450.0
2025-10-01,09:34:52.000,260.02,300.0,259.65,260.4,300.0
2025-10-01,09:34:53.000,260.02,300.0,259.65,260.4,300.0
2025-10-01,09:34:54.000,260.55,375.0,260.15,260.95,450.0
2025-10-01,09:34:55.000,260.0,300.0,259.7,260.3,75.0
2025-10-01,09:34:56.000,260.0,300.0,259.7,260.3,75.0
2025-10-01,09:34:57.000,260.0,375.0,259.6,260.4,525.0
2025-10-01,09:34:58.000,260.0,375.0,259.6,260.4,525.0
2025-10-01,09:34:59.000,260.05,300.0,259.65,260.45,525.0
2025-10-01,09:35:00.000,259.73,375.0,259.3,260.15,450.0
2025-10-01,09:35:01.000,259.73,375.0,259.3,260.15,450.0
2025-10-01,09:35:02.000,259.23,675.0,258.85,259.6,375.0
2025-10-01,09:35:03.000,259.23,675.0,258.85,259.6,375.0
2025-10-01,09:35:04.000,258.55,300.0,258.1,259.0,675.0
2025-10-01,09:35:05.000,258.48,450.0,258.05,258.9,675.0
2025-10-01,09:35:06.000,258.48,450.0,258.05,258.9,675.0
2025-10-01,09:35:07.000,258.3,1200.0,258.0,258.6,75.0
2025-10-01,09:35:08.000,258.3,1200.0,258.0,258.6,75.0
2025-10-01,09:35:09.000,258.4,1950.0,258.0,258.8,75.0
2025-10-01,09:35:10.000,258.88,375.0,258.55,259.2,75.0
2025-10-01,09:35:11.000,258.88,375.0,258.55,259.2,75.0
2025-10-01,09:35:12.000,259.32,75.0,258.9,259.75,375.0
2025-10-01,09:35:13.000,259.32,75.0,258.9,259.75,375.0
2025-10-01,09:35:14.000,259.12,300.0,258.75,259.5,375.0
2025-10-01,09:35:15.000,258.98,75.0,258.6,259.35,225.0
2025-10-01,09:35:16.000,258.98,75.0,258.6,259.35,225.0
2025-10-01,09:35:17.000,258.95,750.0,258.55,259.35,225.0
2025-10-01,09:35:18.000,258.95,750.0,258.55,259.35,225.0
2025-10-01,09:35:19.000,259.35,375.0,258.95,259.75,600.0
2025-10-01,09:35:20.000,260.02,75.0,259.7,260.35,300.0
2025-10-01,09:35:21.000,260.02,75.0,259.7,260.35,300.0
2025-10-01,09:35:22.000,259.6,675.0,259.2,260.0,150.0
2025-10-01,09:35:23.000,259.55,375.0,259.15,259.95,225.0
2025-10-01,09:35:24.000,259.55,375.0,259.15,259.95,225.0
2025-10-01,09:35:25.000,259.25,375.0,258.85,259.65,225.0
2025-10-01,09:35:26.000,259.25,375.0,258.85,259.65,225.0
2025-10-01,09:35:27.000,259.4,525.0,258.95,259.85,225.0
2025-10-01,09:35:28.000,259.4,525.0,258.95,259.85,225.0
2025-10-01,09:35:29.000,258.82,450.0,258.4,259.25,375.0
2025-10-01,09:35:30.000,259.27,75.0,258.9,259.65,450.0
2025-10-01,09:35:31.000,259.27,75.0,258.9,259.65,450.0
2025-10-01,09:35:32.000,259.42,75.0,259.0,259.85,225.0
2025-10-01,09:35:33.000,259.42,75.0,259.0,259.85,225.0
2025-10-01,09:35:34.000,259.27,75.0,258.9,259.65,225.0
2025-10-01,09:35:35.000,259.3,450.0,258.9,259.7,300.0
2025-10-01,09:35:36.000,259.3,450.0,258.9,259.7,300.0
2025-10-01,09:35:37.000,259.55,900.0,259.2,259.9,225.0
2025-10-01,09:35:38.000,259.55,525.0,259.2,259.9,150.0
2025-10-01,09:35:39.000,259.55,525.0,259.2,259.9,150.0
2025-10-01,09:35:40.000,259.7,300.0,259.5,259.9,150.0
2025-10-01,09:35:41.000,259.7,300.0,259.5,259.9,150.0
2025-10-01,09:35:42.000,260.23,300.0,259.85,260.6,75.0
2025-10-01,09:35:43.000,260.23,375.0,259.85,260.6,300.0
2025-10-01,09:35:44.000,260.23,375.0,259.85,260.6,300.0
2025-10-01,09:35:45.000,259.5,75.0,259.25,259.75,225.0
2025-10-01,09:35:46.000,259.5,75.0,259.25,259.75,225.0
2025-10-01,09:35:47.000,259.68,375.0,259.3,260.05,450.0
2025-10-01,09:35:48.000,260.12,375.0,259.75,260.5,450.0
2025-10-01,09:35:49.000,260.12,375.0,259.75,260.5,450.0
2025-10-01,09:35:50.000,259.88,225.0,259.55,260.2,150.0
2025-10-01,09:35:51.000,259.88,225.0,259.55,260.2,150.0
2025-10-01,09:35:52.000,260.6,225.0,260.2,261.0,525.0
2025-10-01,09:35:53.000,261.23,225.0,260.85,261.6,525.0
2025-10-01,09:35:54.000,261.23,225.0,260.85,261.6,525.0
2025-10-01,09:35:55.000,260.85,300.0,260.45,261.25,675.0
2025-10-01,09:35:56.000,260.85,300.0,260.45,261.25,675.0
2025-10-01,09:35:57.000,261.4,525.0,261.0,261.8,600.0
2025-10-01,09:35:58.000,261.52,75.0,261.1,261.95,375.0
2025-10-01,09:35:59.000,261.52,75.0,261.1,261.95,375.0
2025-10-01,09:36:00.000,261.58,75.0,261.2,261.95,375.0
2025-10-01,09:36:01.000,261.58,75.0,261.2,261.95,375.0
2025-10-01,09:36:02.000,261.82,75.0,261.5,262.15,225.0
2025-10-01,09:36:03.000,260.8,75.0,260.55,261.05,375.0
2025-10-01,09:36:04.000,260.8,75.0,260.55,261.05,375.0
2025-10-01,09:36:05.000,260.8,75.0,260.45,261.15,225.0
2025-10-01,09:36:06.000,260.5,75.0,260.15,260.85,375.0
2025-10-01,09:36:07.000,260.5,75.0,260.15,260.85,375.0
2025-10-01,09:36:08.000,260.05,75.0,259.7,260.4,300.0
2025-10-01,09:36:09.000,260.05,75.0,259.7,260.4,300.0
2025-10-01,09:36:10.000,260.4,75.0,260.05,260.75,675.0
2025-10-01,09:36:11.000,259.25,75.0,258.9,259.6,750.0
2025-10-01,09:36:12.000,259.25,75.0,258.9,259.6,750.0
2025-10-01,09:36:13.000,258.58,375.0,258.3,258.85,75.0
2025-10-01,09:36:14.000,258.58,375.0,258.3,258.85,75.0
2025-10-01,09:36:15.000,259.0,75.0,258.7,259.3,75.0
2025-10-01,09:36:16.000,258.85,75.0,258.5,259.2,450.0
2025-10-01,09:36:17.000,258.85,75.0,258.5,259.2,450.0
2025-10-01,09:36:18.000,258.62,825.0,258.3,258.95,75.0
2025-10-01,09:36:19.000,258.62,825.0,258.3,258.95,75.0
2025-10-01,09:36:20.000,259.1,75.0,258.75,259.45,825.0
2025-10-01,09:36:21.000,258.58,75.0,258.25,258.9,525.0
2025-10-01,09:36:22.000,258.58,75.0,258.25,258.9,525.0
2025-10-01,09:36:23.000,258.5,225.0,258.2,258.8,75.0
2025-10-01,09:36:24.000,258.5,225.0,258.2,258.8,75.0
2025-10-01,09:36:25.000,259.1,75.0,258.75,259.45,750.0
2025-10-01,09:36:26.000,258.7,525.0,258.4,259.0,150.0
2025-10-01,09:36:27.000,258.7,525.0,258.4,259.0,150.0
2025-10-01,09:36:28.000,258.7,75.0,258.45,258.95,75.0
2025-10-01,09:36:29.000,258.85,75.0,258.55,259.15,150.0
2025-10-01,09:36:30.000,258.85,75.0,258.55,259.15,150.0
2025-10-01,09:36:31.000,258.8,375.0,258.5,259.1,150.0
2025-10-01,09:36:32.000,258.8,375.0,258.5,259.1,150.0
2025-10-01,09:36:33.000,258.52,75.0,258.2,258.85,750.0
2025-10-01,09:36:34.000,257.92,225.0,257.65,258.2,225.0
2025-10-01,09:36:35.000,257.92,225.0,257.65,258.2,225.0
2025-10-01,09:36:36.000,258.35,75.0,258.0,258.7,225.0
2025-10-01,09:36:37.000,258.35,75.0,258.0,258.7,225.0
2025-10-01,09:36:38.000,258.3,825.0,257.9,258.7,150.0
2025-10-01,09:36:39.000,258.23,75.0,257.85,258.6,750.0
2025-10-01,09:36:40.000,258.23,75.0,257.85,258.6,750.0
2025-10-01,09:36:41.000,257.52,75.0,257.2,257.85,75.0
2025-10-01,09:36:42.000,257.52,600.0,257.15,257.9,300.0
2025-10-01,09:36:43.000,257.52,600.0,257.15,257.9,300.0
2025-10-01,09:36:44.000,257.12,375.0,256.8,257.45,150.0
2025-10-01,09:36:45.000,257.12,375.0,256.8,257.45,150.0
2025-10-01,09:36:46.000,256.95,300.0,256.8,257.1,75.0
2025-10-01,09:36:47.000,257.45,375.0,257.1,257.8,150.0
2025-10-01,09:36:48.000,257.45,375.0,257.1,257.8,150.0
2025-10-01,09:36:49.000,257.1,300.0,256.75,257.45,75.0
2025-10-01,09:36:50.000,257.1,300.0,256.75,257.45,75.0
2025-10-01,09:36:51.000,257.15,300.0,256.8,257.5,525.0
2025-10-01,09:36:52.000,257.6,75.0,257.25,257.95,225.0
2025-10-01,09:36:53.000,257.6,75.0,257.25,257.95,225.0
2025-10-01,09:36:54.000,257.55,75.0,257.2,257.9,300.0
2025-10-01,09:36:55.000,257.55,75.0,257.2,257.9,300.0
2025-10-01,09:36:56.000,257.55,300.0,257.2,257.9,375.0
2025-10-01,09:36:57.000,257.15,825.0,256.8,257.5,150.0
2025-10-01,09:36:58.000,257.15,825.0,256.8,257.5,150.0
2025-10-01,09:36:59.000,257.27,75.0,256.95,257.6,150.0
2025-10-01,09:37:00.000,257.27,75.0,256.95,257.6,150.0
2025-10-01,09:37:01.000,257.88,75.0,257.45,258.3,300.0
2025-10-01,09:37:02.000,257.88,225.0,257.55,258.2,900.0
2025-10-01,09:37:03.000,257.88,225.0,257.55,258.2,900.0
2025-10-01,09:37:04.000,258.12,75.0,257.75,258.5,75.0
2025-10-01,09:37:05.000,258.12,75.0,257.75,258.5,75.0
2025-10-01,09:37:06.000,257.32,75.0,256.95,257.7,600.0
2025-10-01,09:37:07.000,256.82,525.0,256.45,257.2,225.0
2025-10-01,09:37:08.000,256.82,525.0,256.45,257.2,225.0
2025-10-01,09:37:09.000,256.7,75.0,256.45,256.95,150.0
2025-10-01,09:37:10.000,256.7,75.0,256.45,256.95,150.0
2025-10-01,09:37:11.000,256.85,225.0,256.6,257.1,75.0
2025-10-01,09:37:12.000,257.08,75.0,256.75,257.4,375.0
2025-10-01,09:37:13.000,257.08,75.0,256.75,257.4,375.0
2025-10-01,09:37:14.000,256.92,150.0,256.6,257.25,525.0
2025-10-01,09:37:15.000,256.92,150.0,256.6,257.25,525.0
2025-10-01,09:37:16.000,257.73,75.0,257.35,258.1,300.0
2025-10-01,09:37:17.000,257.6,75.0,257.25,257.95,300.0
2025-10-01,09:37:18.000,257.6,75.0,257.25,257.95,300.0
2025-10-01,09:37:19.000,257.65,225.0,257.3,258.0,675.0
2025-10-01,09:37:20.000,257.65,225.0,257.3,258.0,675.0
2025-10-01,09:37:21.000,257.35,150.0,257.0,257.7,75.0
2025-10-01,09:37:22.000,257.27,75.0,256.95,257.6,75.0
2025-10-01,09:37:23.000,257.27,75.0,256.95,257.6,75.0
2025-10-01,09:37:24.000,257.3,450.0,256.9,257.7,75.0
2025-10-01,09:37:25.000,257.3,450.0,256.9,257.7,75.0
2025-10-01,09:37:26.000,256.85,450.0,256.5,257.2,75.0
2025-10-01,09:37:27.000,257.0,75.0,256.65,257.35,225.0
2025-10-01,09:37:28.000,257.0,75.0,256.65,257.35,225.0
2025-10-01,09:37:29.000,256.73,375.0,256.35,257.1,600.0
2025-10-01,09:37:30.000,256.73,375.0,256.35,257.1,600.0
2025-10-01,09:37:31.000,256.88,75.0,256.5,257.25,300.0
2025-10-01,09:37:32.000,256.95,525.0,256.6,257.3,75.0
2025-10-01,09:37:33.000,256.95,525.0,256.6,257.3,75.0
2025-10-01,09:37:34.000,257.23,375.0,256.85,257.6,75.0
2025-10-01,09:37:35.000,257.23,375.0,256.85,257.6,75.0
2025-10-01,09:37:36.000,257.12,675.0,256.75,257.5,75.0
2025-10-01,09:37:37.000,257.12,675.0,256.75,257.5,75.0
2025-10-01,09:37:38.000,257.23,75.0,256.85,257.6,75.0
2025-10-01,09:37:39.000,257.25,525.0,256.9,257.6,75.0
2025-10-01,09:37:40.000,257.25,525.0,256.9,257.6,75.0
2025-10-01,09:37:41.000,257.48,75.0,257.15,257.8,375.0
2025-10-01,09:37:42.000,257.48,75.0,257.15,257.8,375.0
2025-10-01,09:37:43.000,257.42,525.0,257.05,257.8,75.0
2025-10-01,09:37:44.000,257.32,225.0,256.95,257.7,75.0
2025-10-01,09:37:45.000,257.32,225.0,256.95,257.7,75.0
2025-10-01,09:37:46.000,257.15,75.0,256.8,257.5,75.0
2025-10-01,09:37:47.000,257.15,75.0,256.8,257.5,75.0
2025-10-01,09:37:48.000,257.25,225.0,256.9,257.6,75.0
2025-10-01,09:37:49.000,256.9,450.0,256.5,257.3,75.0
2025-10-01,09:37:50.000,256.9,450.0,256.5,257.3,75.0
2025-10-01,09:37:51.000,257.08,75.0,256.65,257.5,525.0
2025-10-01,09:37:52.000,257.08,75.0,256.65,257.5,525.0
2025-10-01,09:37:53.000,257.3,375.0,256.95,257.65,375.0
2025-10-01,09:37:54.000,257.5,75.0,257.15,257.85,375.0
2025-10-01,09:37:55.000,257.5,75.0,257.15,257.85,375.0
2025-10-01,09:37:56.000,257.3,75.0,256.95,257.65,300.0
2025-10-01,09:37:57.000,257.3,75.0,256.95,257.65,300.0
2025-10-01,09:37:58.000,257.55,375.0,257.2,257.9,375.0
2025-10-01,09:37:59.000,257.73,375.0,257.35,258.1,525.0
2025-10-01,09:38:00.000,257.73,375.0,257.35,258.1,525.0
2025-10-01,09:38:01.000,257.92,525.0,257.55,258.3,375.0
2025-10-01,09:38:02.000,257.92,525.0,257.55,258.3,375.0
2025-10-01,09:38:03.000,258.25,75.0,257.85,258.65,675.0
2025-10-01,09:38:04.000,258.7,75.0,258.4,259.0,225.0
2025-10-01,09:38:05.000,258.7,75.0,258.4,259.0,225.0
2025-10-01,09:38:06.000,259.27,225.0,258.9,259.65,675.0
2025-10-01,09:38:07.000,259.27,225.0,258.9,259.65,675.0
2025-10-01,09:38:08.000,259.1,225.0,258.9,259.3,375.0
2025-10-01,09:38:09.000,258.68,75.0,258.35,259.0,75.0
2025-10-01,09:38:10.000,258.68,75.0,258.35,259.0,75.0
2025-10-01,09:38:11.000,259.12,300.0,258.75,259.5,450.0
2025-10-01,09:38:12.000,259.12,300.0,258.75,259.5,450.0
2025-10-01,09:38:13.000,259.38,75.0,259.05,259.7,525.0
2025-10-01,09:38:14.000,259.55,600.0,259.2,259.9,225.0
2025-10-01,09:38:15.000,259.55,600.0,259.2,259.9,225.0
2025-10-01,09:38:16.000,259.23,75.0,258.85,259.6,600.0
2025-10-01,09:38:17.000,259.23,75.0,258.85,259.6,600.0
2025-10-01,09:38:18.000,259.25,375.0,258.9,259.6,300.0
2025-10-01,09:38:19.000,258.62,375.0,258.25,259.0,525.0
2025-10-01,09:38:20.000,258.62,375.0,258.25,259.0,525.0
2025-10-01,09:38:21.000,258.38,75.0,258.0,258.75,375.0
2025-10-01,09:38:22.000,258.38,75.0,258.0,258.75,375.0
2025-10-01,09:38:23.000,258.38,525.0,258.0,258.75,450.0
2025-10-01,09:38:24.000,258.52,375.0,258.15,258.9,675.0
2025-10-01,09:38:25.000,258.52,375.0,258.15,258.9,675.0
2025-10-01,09:38:26.000,259.45,75.0,259.0,259.9,1200.0
2025-10-01,09:38:27.000,260.4,750.0,259.95,260.85,750.0
2025-10-01,09:38:28.000,260.4,750.0,259.95,260.85,750.0
2025-10-01,09:38:29.000,260.32,375.0,259.95,260.7,900.0
2025-10-01,09:38:30.000,260.32,375.0,259.95,260.7,900.0
2025-10-01,09:38:31.000,260.05,75.0,259.7,260.4,750.0
2025-10-01,09:38:32.000,259.6,300.0,259.2,260.0,225.0
2025-10-01,09:38:33.000,259.6,300.0,259.2,260.0,225.0
2025-10-01,09:38:34.000,259.6,675.0,259.2,260.0,450.0
2025-10-01,09:38:35.000,259.6,675.0,259.2,260.0,450.0
2025-10-01,09:38:36.000,259.18,375.0,258.8,259.55,450.0
2025-10-01,09:38:37.000,259.12,375.0,258.8,259.45,75.0
2025-10-01,09:38:38.000,259.12,375.0,258.8,259.45,75.0
2025-10-01,09:38:39.000,258.85,75.0,258.5,259.2,150.0
2025-10-01,09:38:40.000,258.85,75.0,258.5,259.2,150.0
2025-10-01,09:38:41.000,258.75,600.0,258.45,259.05,75.0
2025-10-01,09:38:42.000,259.35,375.0,259.05,259.65,75.0
2025-10-01,09:38:43.000,259.35,375.0,259.05,259.65,75.0
2025-10-01,09:38:44.000,259.35,225.0,259.05,259.65,75.0
2025-10-01,09:38:45.000,259.35,225.0,259.05,259.65,75.0
2025-10-01,09:38:46.000,258.58,675.0,258.15,259.0,375.0
2025-10-01,09:38:47.000,258.6,75.0,258.3,258.9,75.0
2025-10-01,09:38:48.000,258.6,75.0,258.3,258.9,75.0
2025-10-01,09:38:49.000,258.65,525.0,258.3,259.0,150.0
2025-10-01,09:38:50.000,258.65,525.0,258.3,259.0,150.0
2025-10-01,09:38:51.000,258.58,225.0,258.25,258.9,75.0
2025-10-01,09:38:52.000,258.75,375.0,258.35,259.15,450.0
2025-10-01,09:38:53.000,258.75,375.0,258.35,259.15,450.0
2025-10-01,09:38:54.000,259.02,375.0,258.65,259.4,675.0
2025-10-01,09:38:55.000,259.45,75.0,259.1,259.8,450.0
2025-10-01,09:38:56.000,259.45,75.0,259.1,259.8,450.0
2025-10-01,09:38:57.000,259.48,525.0,259.1,259.85,75.0
2025-10-01,09:38:58.000,259.48,525.0,259.1,259.85,75.0
2025-10-01,09:38:59.000,259.58,450.0,259.3,259.85,75.0
2025-10-01,09:39:00.000,259.35,75.0,259.0,259.7,450.0
2025-10-01,09:39:01.000,259.35,75.0,259.0,259.7,450.0
2025-10-01,09:39:02.000,259.38,75.0,259.0,259.75,450.0
2025-10-01,09:39:03.000,259.77,450.0,259.35,260.2,300.0
2025-10-01,09:39:04.000,259.77,450.0,259.35,260.2,300.0
2025-10-01,09:39:05.000,259.35,525.0,259.15,259.55,75.0
2025-10-01,09:39:06.000,259.35,525.0,259.15,259.55,75.0
2025-10-01,09:39:07.000,258.9,675.0,258.5,259.3,525.0
2025-10-01,09:39:08.000,259.08,525.0,258.75,259.4,75.0
2025-10-01,09:39:09.000,259.08,525.0,258.75,259.4,75.0
2025-10-01,09:39:10.000,259.08,525.0,258.7,259.45,525.0
2025-10-01,09:39:11.000,259.08,525.0,258.7,259.45,525.0
2025-10-01,09:39:12.000,259.1,525.0,258.7,259.5,825.0
2025-10-01,09:39:13.000,259.05,300.0,258.7,259.4,825.0
2025-10-01,09:39:14.000,259.05,300.0,258.7,259.4,825.0
2025-10-01,09:39:15.000,258.8,525.0,258.5,259.1,75.0
2025-10-01,09:39:16.000,258.12,300.0,257.7,258.55,525.0
2025-10-01,09:39:17.000,258.12,300.0,257.7,258.55,525.0
2025-10-01,09:39:18.000,257.52,75.0,257.25,257.8,150.0
2025-10-01,09:39:19.000,257.52,75.0,257.25,257.8,150.0
2025-10-01,09:39:20.000,257.75,300.0,257.45,258.05,75.0
2025-10-01,09:39:21.000,257.6,75.0,257.3,257.9,75.0
2025-10-01,09:39:22.000,257.6,75.0,257.3,257.9,75.0
2025-10-01,09:39:23.000,258.05,375.0,257.7,258.4,375.0
2025-10-01,09:39:24.000,258.2,600.0,257.8,258.6,375.0
2025-10-01,09:39:25.000,258.2,600.0,257.8,258.6,375.0
2025-10-01,09:39:26.000,257.55,525.0,257.2,257.9,225.0
2025-10-01,09:39:27.000,257.55,525.0,257.2,257.9,225.0
2025-10-01,09:39:28.000,257.48,1050.0,257.1,257.85,75.0
2025-10-01,09:39:29.000,257.32,525.0,256.95,257.7,150.0
2025-10-01,09:39:30.000,257.32,525.0,256.95,257.7,150.0
2025-10-01,09:39:31.000,256.23,75.0,255.9,256.55,300.0
2025-10-01,09:39:32.000,256.23,75.0,255.9,256.55,300.0
2025-10-01,09:39:33.000,256.12,75.0,255.75,256.5,375.0
2025-10-01,09:39:34.000,255.78,75.0,255.45,256.1,600.0
2025-10-01,09:39:35.000,255.78,75.0,255.45,256.1,600.0
2025-10-01,09:39:36.000,255.98,450.0,255.65,256.3,75.0
2025-10-01,09:39:37.000,255.98,450.0,255.65,256.3,75.0
2025-10-01,09:39:38.000,256.42,525.0,256.05,256.8,525.0
2025-10-01,09:39:39.000,256.32,75.0,256.0,256.65,750.0
2025-10-01,09:39:40.000,256.32,75.0,256.0,256.65,750.0
2025-10-01,09:39:41.000,256.1,75.0,255.8,256.4,75.0
2025-10-01,09:39:42.000,256.1,75.0,255.8,256.4,75.0
2025-10-01,09:39:43.000,255.82,75.0,255.45,256.2,75.0
2025-10-01,09:39:44.000,255.8,225.0,255.45,256.15,300.0
2025-10-01,09:39:45.000,255.8,225.0,255.45,256.15,300.0
2025-10-01,09:39:46.000,256.02,375.0,255.65,256.4,525.0
2025-10-01,09:39:47.000,256.02,375.0,255.65,256.4,525.0
2025-10-01,09:39:48.000,255.73,375.0,255.35,256.1,375.0
2025-10-01,09:39:49.000,255.9,75.0,255.55,256.25,300.0
2025-10-01,09:39:50.000,255.9,75.0,255.55,256.25,300.0
2025-10-01,09:39:51.000,255.98,225.0,255.6,256.35,375.0
2025-10-01,09:39:52.000,255.98,225.0,255.6,256.35,375.0
2025-10-01,09:39:53.000,255.77,525.0,255.4,256.15,525.0
2025-10-01,09:39:54.000,256.15,525.0,255.8,256.5,375.0
2025-10-01,09:39:55.000,256.15,525.0,255.8,256.5,375.0
2025-10-01,09:39:56.000,256.25,375.0,255.9,256.6,750.0
2025-10-01,09:39:57.000,256.25,375.0,255.9,256.6,750.0
2025-10-01,09:39:58.000,256.45,75.0,256.1,256.8,825.0
2025-10-01,09:39:59.000,256.52,375.0,256.15,256.9,300.0
2025-10-01,09:40:00.000,256.52,375.0,256.15,256.9,300.0
2025-10-01,09:40:01.000,256.6,675.0,256.2,257.0,675.0
2025-10-01,09:40:02.000,256.6,675.0,256.2,257.0,675.0
2025-10-01,09:40:03.000,256.82,75.0,256.5,257.15,300.0
2025-10-01,09:40:04.000,256.95,375.0,256.55,257.35,450.0
2025-10-01,09:40:05.000,256.95,375.0,256.55,257.35,450.0
2025-10-01,09:40:06.000,256.33,75.0,256.05,256.6,525.0
2025-10-01,09:40:07.000,256.33,75.0,256.05,256.6,525.0
2025-10-01,09:40:08.000,256.33,75.0,256.05,256.6,75.0
2025-10-01,09:40:09.000,256.33,525.0,256.05,256.6,75.0
2025-10-01,09:40:10.000,256.33,525.0,256.05,256.6,75.0
2025-10-01,09:40:11.000,256.3,75.0,256.05,256.55,300.0
2025-10-01,09:40:12.000,256.3,75.0,256.05,256.55,300.0
2025-10-01,09:40:13.000,256.45,150.0,256.3,256.6,75.0
2025-10-01,09:40:14.000,257.05,375.0,256.65,257.45,825.0
2025-10-01,09:40:15.000,257.05,375.0,256.65,257.45,825.0
2025-10-01,09:40:16.000,257.42,300.0,257.0,257.85,300.0
2025-10-01,09:40:17.000,257.42,300.0,257.0,257.85,300.0
2025-10-01,09:40:18.000,257.48,450.0,257.05,257.9,300.0
2025-10-01,09:40:19.000,257.32,225.0,256.95,257.7,75.0
2025-10-01,09:40:20.000,257.32,225.0,256.95,257.7,75.0
2025-10-01,09:40:21.000,257.18,525.0,256.8,257.55,450.0
2025-10-01,09:40:22.000,257.18,525.0,256.8,257.55,450.0
2025-10-01,09:40:23.000,257.98,375.0,257.55,258.4,300.0
2025-10-01,09:40:24.000,258.05,375.0,257.65,258.45,450.0
2025-10-01,09:40:25.000,258.05,375.0,257.65,258.45,450.0
2025-10-01,09:40:26.000,258.0,225.0,257.6,258.4,525.0
2025-10-01,09:40:27.000,258.0,225.0,257.6,258.4,525.0
2025-10-01,09:40:28.000,258.08,300.0,257.7,258.45,375.0
2025-10-01,09:40:29.000,258.38,75.0,258.0,258.75,375.0
2025-10-01,09:40:30.000,258.38,75.0,258.0,258.75,375.0
2025-10-01,09:40:31.000,258.45,375.0,258.05,258.85,675.0
2025-10-01,09:40:32.000,258.45,375.0,258.05,258.85,675.0
2025-10-01,09:40:33.000,258.48,75.0,258.1,258.85,375.0
2025-10-01,09:40:34.000,258.62,600.0,258.25,259.0,300.0
2025-10-01,09:40:35.000,258.62,600.0,258.25,259.0,300.0
2025-10-01,09:40:36.000,258.38,225.0,258.05,258.7,75.0
2025-10-01,09:40:37.000,258.38,225.0,258.05,258.7,75.0
2025-10-01,09:40:38.000,258.5,375.0,258.15,258.85,375.0
2025-10-01,09:40:39.000,258.82,375.0,258.45,259.2,375.0
2025-10-01,09:40:40.000,258.82,375.0,258.45,259.2,375.0
2025-10-01,09:40:41.000,259.02,375.0,258.65,259.4,375.0
2025-10-01,09:40:42.000,259.02,375.0,258.65,259.4,375.0
2025-10-01,09:40:43.000,259.25,375.0,258.85,259.65,300.0
2025-10-01,09:40:44.000,259.62,375.0,259.25,260.0,525.0
2025-10-01,09:40:45.000,259.62,375.0,259.25,260.0,525.0
2025-10-01,09:40:46.000,258.98,75.0,258.6,259.35,375.0
2025-10-01,09:40:47.000,258.98,75.0,258.6,259.35,375.0
2025-10-01,09:40:48.000,257.88,225.0,257.5,258.25,75.0
2025-10-01,09:40:49.000,257.25,525.0,256.9,257.6,300.0
2025-10-01,09:40:50.000,257.25,525.0,256.9,257.6,300.0
2025-10-01,09:40:51.000,257.65,225.0,257.3,258.0,75.0
2025-10-01,09:40:52.000,257.92,375.0,257.5,258.35,375.0
2025-10-01,09:40:53.000,257.92,375.0,257.5,258.35,375.0
2025-10-01,09:40:54.000,257.4,375.0,257.0,257.8,300.0
2025-10-01,09:40:55.000,257.4,375.0,257.0,257.8,300.0
2025-10-01,09:40:56.000,256.92,375.0,256.6,257.25,150.0
2025-10-01,09:40:57.000,257.25,150.0,256.95,257.55,75.0
2025-10-01,09:40:58.000,257.25,150.0,256.95,257.55,75.0
2025-10-01,09:40:59.000,257.52,375.0,257.1,257.95,525.0
2025-10-01,09:41:00.000,257.52,375.0,257.1,257.95,525.0
2025-10-01,09:41:01.000,257.3,225.0,257.0,257.6,75.0
2025-10-01,09:41:02.000,256.0,150.0,255.65,256.35,225.0
2025-10-01,09:41:03.000,256.0,150.0,255.65,256.35,225.0
2025-10-01,09:41:04.000,256.1,375.0,255.75,256.45,75.0
2025-10-01,09:41:05.000,256.1,375.0,255.75,256.45,75.0
2025-10-01,09:41:06.000,255.6,525.0,255.25,255.95,150.0
2025-10-01,09:41:07.000,256.05,375.0,255.75,256.35,75.0
2025-10-01,09:41:08.000,256.05,375.0,255.75,256.35,75.0
2025-10-01,09:41:09.000,255.9,525.0,255.5,256.3,75.0
2025-10-01,09:41:10.000,255.9,525.0,255.5,256.3,75.0
2025-10-01,09:41:11.000,255.65,225.0,255.3,256.0,450.0
2025-10-01,09:41:12.000,254.95,375.0,254.65,255.25,150.0
2025-10-01,09:41:13.000,254.95,375.0,254.65,255.25,150.0
2025-10-01,09:41:14.000,254.62,375.0,254.4,254.85,225.0
2025-10-01,09:41:15.000,254.5,375.0,254.25,254.75,225.0
2025-10-01,09:41:16.000,254.5,375.0,254.25,254.75,225.0
2025-10-01,09:41:17.000,254.75,375.0,254.4,255.1,150.0
2025-10-01,09:41:18.000,254.75,375.0,254.4,255.1,150.0
2025-10-01,09:41:19.000,254.73,225.0,254.4,255.05,225.0
2025-10-01,09:41:20.000,254.9,75.0,254.6,255.2,75.0
2025-10-01,09:41:21.000,254.9,75.0,254.6,255.2,75.0
2025-10-01,09:41:22.000,254.82,75.0,254.5,255.15,75.0
2025-10-01,09:41:23.000,254.82,75.0,254.5,255.15,75.0
2025-10-01,09:41:24.000,255.08,75.0,254.8,255.35,300.0
2025-10-01,09:41:25.000,255.4,225.0,255.1,255.7,300.0
2025-10-01,09:41:26.000,255.4,225.0,255.1,255.7,300.0
2025-10-01,09:41:27.000,255.88,225.0,255.5,256.25,375.0
2025-10-01,09:41:28.000,255.88,225.0,255.5,256.25,375.0
2025-10-01,09:41:29.000,255.65,225.0,255.3,256.0,300.0
2025-10-01,09:41:30.000,255.95,75.0,255.6,256.3,300.0
2025-10-01,09:41:31.000,255.95,75.0,255.6,256.3,300.0
2025-10-01,09:41:32.000,256.1,150.0,255.6,256.6,75.0
2025-10-01,09:41:33.000,256.1,150.0,255.6,256.6,75.0
2025-10-01,09:41:34.000,256.38,75.0,256.05,256.7,375.0
2025-10-01,09:41:35.000,256.4,225.0,256.05,256.75,300.0
2025-10-01,09:41:36.000,256.4,225.0,256.05,256.75,300.0
2025-10-01,09:41:37.000,256.05,225.0,255.75,256.35,300.0
2025-10-01,09:41:38.000,256.05,225.0,255.75,256.35,300.0
2025-10-01,09:41:39.000,256.18,225.0,255.8,256.55,300.0
2025-10-01,09:41:40.000,255.22,225.0,254.85,255.6,225.0
2025-10-01,09:41:41.000,255.22,225.0,254.85,255.6,225.0
2025-10-01,09:41:42.000,255.55,600.0,255.2,255.9,300.0
2025-10-01,09:41:43.000,255.55,600.0,255.2,255.9,300.0
2025-10-01,09:41:44.000,255.7,450.0,255.3,256.1,300.0
2025-10-01,09:41:45.000,256.1,450.0,255.7,256.5,300.0
2025-10-01,09:41:46.000,256.1,450.0,255.7,256.5,300.0
2025-10-01,09:41:47.000,256.23,450.0,255.8,256.65,750.0
2025-10-01,09:41:48.000,256.23,450.0,255.8,256.65,750.0
2025-10-01,09:41:49.000,255.98,375.0,255.6,256.35,300.0
2025-10-01,09:41:50.000,256.18,375.0,255.75,256.6,375.0
2025-10-01,09:41:51.000,256.18,375.0,255.75,256.6,375.0
2025-10-01,09:41:52.000,255.9,375.0,255.5,256.3,375.0
2025-10-01,09:41:53.000,255.9,375.0,255.5,256.3,375.0
2025-10-01,09:41:54.000,255.45,300.0,255.05,255.85,375.0
2025-10-01,09:41:55.000,255.48,225.0,255.05,255.9,300.0
2025-10-01,09:41:56.000,255.48,225.0,255.05,255.9,300.0
2025-10-01,09:41:57.000,255.72,375.0,255.3,256.15,375.0
2025-10-01,09:41:58.000,255.72,375.0,255.3,256.15,375.0
2025-10-01,09:41:59.000,255.2,150.0,255.0,255.4,525.0
2025-10-01,09:42:00.000,255.3,150.0,255.0,255.6,600.0
2025-10-01,09:42:01.000,255.3,150.0,255.0,255.6,600.0
2025-10-01,09:42:02.000,255.2,375.0,254.75,255.65,450.0
2025-10-01,09:42:03.000,255.2,375.0,254.75,255.65,450.0
2025-10-01,09:42:04.000,254.9,375.0,254.5,255.3,375.0
2025-10-01,09:42:05.000,255.3,225.0,254.85,255.75,225.0
2025-10-01,09:42:06.000,255.3,225.0,254.85,255.75,225.0
2025-10-01,09:42:07.000,254.9,450.0,254.45,255.35,750.0
2025-10-01,09:42:08.000,254.9,450.0,254.45,255.35,750.0
2025-10-01,09:42:09.000,255.12,600.0,254.65,255.6,750.0
2025-10-01,09:42:10.000,254.75,150.0,254.3,255.2,750.0
2025-10-01,09:42:11.000,254.75,150.0,254.3,255.2,750.0
2025-10-01,09:42:12.000,255.1,375.0,254.65,255.55,375.0
2025-10-01,09:42:13.000,255.1,375.0,254.65,255.55,375.0
2025-10-01,09:42:14.000,254.98,150.0,254.55,255.4,450.0
2025-10-01,09:42:15.000,255.0,525.0,254.55,255.45,675.0
2025-10-01,09:42:16.000,255.0,525.0,254.55,255.45,675.0
2025-10-01,09:42:17.000,255.05,150.0,254.65,255.45,375.0
2025-10-01,09:42:18.000,255.05,150.0,254.65,255.45,375.0
2025-10-01,09:42:19.000,254.58,375.0,254.15,255.0,900.0
2025-10-01,09:42:20.000,254.38,525.0,253.95,254.8,375.0
2025-10-01,09:42:21.000,254.38,525.0,253.95,254.8,375.0
2025-10-01,09:42:22.000,253.92,150.0,253.5,254.35,375.0
2025-10-01,09:42:23.000,253.92,150.0,253.5,254.35,375.0
2025-10-01,09:42:24.000,253.42,225.0,253.0,253.85,375.0
2025-10-01,09:42:25.000,252.62,375.0,252.25,253.0,375.0
2025-10-01,09:42:26.000,252.62,375.0,252.25,253.0,375.0
2025-10-01,09:42:27.000,252.3,225.0,252.0,252.6,75.0
2025-10-01,09:42:28.000,252.3,225.0,252.0,252.6,75.0
2025-10-01,09:42:29.000,252.88,225.0,252.4,253.35,225.0
2025-10-01,09:42:30.000,252.65,600.0,252.2,253.1,225.0
2025-10-01,09:42:31.000,252.65,600.0,252.2,253.1,225.0
2025-10-01,09:42:32.000,252.85,75.0,252.5,253.2,525.0
2025-10-01,09:42:33.000,252.85,75.0,252.5,253.2,525.0
2025-10-01,09:42:34.000,252.58,75.0,252.35,252.8,150.0
2025-10-01,09:42:35.000,252.55,75.0,252.4,252.7,75.0
2025-10-01,09:42:36.000,252.55,75.0,252.4,252.7,75.0
2025-10-01,09:42:37.000,252.77,375.0,252.45,253.1,300.0
2025-10-01,09:42:38.000,252.77,375.0,252.45,253.1,300.0
2025-10-01,09:42:39.000,252.68,450.0,252.25,253.1,375.0
2025-10-01,09:42:40.000,252.15,75.0,251.8,252.5,75.0
2025-10-01,09:42:41.000,252.15,75.0,251.8,252.5,75.0
2025-10-01,09:42:42.000,251.85,300.0,251.65,252.05,75.0
2025-10-01,09:42:43.000,251.85,300.0,251.65,252.05,75.0
2025-10-01,09:42:44.000,252.15,75.0,251.85,252.45,300.0
2025-10-01,09:42:45.000,252.3,375.0,252.0,252.6,300.0
2025-10-01,09:42:46.000,252.3,375.0,252.0,252.6,300.0
2025-10-01,09:42:47.000,251.75,75.0,251.45,252.05,75.0
2025-10-01,09:42:48.000,251.75,75.0,251.45,252.05,75.0
2025-10-01,09:42:49.000,252.15,75.0,251.8,252.5,375.0
2025-10-01,09:42:50.000,252.2,75.0,251.85,252.55,375.0
2025-10-01,09:42:51.000,252.2,75.0,251.85,252.55,375.0
2025-10-01,09:42:52.000,252.27,75.0,251.95,252.6,450.0
2025-10-01,09:42:53.000,252.27,75.0,251.95,252.6,450.0
2025-10-01,09:42:54.000,252.2,75.0,251.95,252.45,375.0
2025-10-01,09:42:55.000,252.22,75.0,251.95,252.5,825.0
2025-10-01,09:42:56.000,252.22,75.0,251.95,252.5,825.0
2025-10-01,09:42:57.000,252.25,375.0,251.85,252.65,375.0
2025-10-01,09:42:58.000,252.25,375.0,251.85,252.65,375.0
2025-10-01,09:42:59.000,251.88,375.0,251.5,252.25,300.0
2025-10-01,09:43:00.000,252.08,450.0,251.7,252.45,300.0
2025-10-01,09:43:01.000,252.08,450.0,251.7,252.45,300.0
2025-10-01,09:43:02.000,251.65,150.0,251.3,252.0,675.0
2025-10-01,09:43:03.000,251.65,150.0,251.3,252.0,675.0
2025-10-01,09:43:04.000,251.65,150.0,251.3,252.0,675.0
2025-10-01,09:43:05.000,252.28,450.0,251.9,252.65,300.0
2025-10-01,09:43:06.000,252.28,450.0,251.9,252.65,300.0
2025-10-01,09:43:07.000,252.08,375.0,251.7,252.45,450.0
2025-10-01,09:43:08.000,252.08,375.0,251.7,252.45,450.0
2025-10-01,09:43:09.000,252.0,450.0,251.6,252.4,375.0
2025-10-01,09:43:10.000,252.0,300.0,251.55,252.45,300.0
2025-10-01,09:43:11.000,252.0,300.0,251.55,252.45,300.0
2025-10-01,09:43:12.000,252.05,300.0,251.7,252.4,300.0
2025-10-01,09:43:13.000,252.05,300.0,251.7,252.4,300.0
2025-10-01,09:43:14.000,252.1,675.0,251.7,252.5,300.0
2025-10-01,09:43:15.000,252.02,75.0,251.65,252.4,300.0
2025-10-01,09:43:16.000,252.02,75.0,251.65,252.4,300.0
2025-10-01,09:43:17.000,251.95,375.0,251.6,252.3,300.0
2025-10-01,09:43:18.000,251.95,375.0,251.6,252.3,300.0
2025-10-01,09:43:19.000,251.25,75.0,250.85,251.65,825.0
2025-10-01,09:43:20.000,251.1,600.0,250.75,251.45,75.0
2025-10-01,09:43:21.000,251.1,600.0,250.75,251.45,75.0
2025-10-01,09:43:22.000,250.23,150.0,249.8,250.65,750.0
2025-10-01,09:43:23.000,250.23,150.0,249.8,250.65,750.0
2025-10-01,09:43:24.000,250.4,375.0,250.0,250.8,375.0
2025-10-01,09:43:25.000,250.3,75.0,249.95,250.65,225.0
2025-10-01,09:43:26.000,250.3,75.0,249.95,250.65,225.0
2025-10-01,09:43:27.000,250.58,225.0,250.15,251.0,375.0
2025-10-01,09:43:28.000,250.58,225.0,250.15,251.0,375.0
2025-10-01,09:43:29.000,251.1,375.0,250.65,251.55,225.0
2025-10-01,09:43:30.000,251.5,375.0,251.15,251.85,300.0
2025-10-01,09:43:31.000,251.5,375.0,251.15,251.85,300.0
2025-10-01,09:43:32.000,251.85,375.0,251.45,252.25,300.0
2025-10-01,09:43:33.000,251.58,525.0,251.2,251.95,300.0
2025-10-01,09:43:34.000,251.58,525.0,251.2,251.95,300.0
2025-10-01,09:43:35.000,251.52,225.0,251.15,251.9,300.0
2025-10-01,09:43:36.000,251.52,225.0,251.15,251.9,300.0
2025-10-01,09:43:37.000,251.75,375.0,251.35,252.15,300.0
2025-10-01,09:43:38.000,251.75,375.0,251.35,252.15,300.0
2025-10-01,09:43:39.000,251.98,375.0,251.65,252.3,300.0
2025-10-01,09:43:40.000,252.0,375.0,251.6,252.4,300.0
2025-10-01,09:43:41.000,252.0,375.0,251.6,252.4,300.0
2025-10-01,09:43:42.000,252.08,225.0,251.75,252.4,300.0
2025-10-01,09:43:43.000,252.08,225.0,251.75,252.4,300.0
2025-10-01,09:43:44.000,252.18,300.0,251.85,252.5,300.0
2025-10-01,09:43:45.000,251.38,150.0,251.1,251.65,375.0
2025-10-01,09:43:46.000,251.38,150.0,251.1,251.65,375.0
2025-10-01,09:43:47.000,250.8,75.0,250.45,251.15,900.0
2025-10-01,09:43:48.000,250.8,75.0,250.45,251.15,900.0
2025-10-01,09:43:49.000,250.82,75.0,250.55,251.1,375.0
2025-10-01,09:43:50.000,250.65,75.0,250.35,250.95,450.0
2025-10-01,09:43:51.000,250.65,75.0,250.35,250.95,450.0
2025-10-01,09:43:52.000,251.18,150.0,250.8,251.55,375.0
2025-10-01,09:43:53.000,251.18,150.0,250.8,251.55,375.0
2025-10-01,09:43:54.000,250.72,300.0,250.35,251.1,375.0
2025-10-01,09:43:55.000,249.68,225.0,249.2,250.15,300.0
2025-10-01,09:43:56.000,249.68,225.0,249.2,250.15,300.0
2025-10-01,09:43:57.000,249.5,225.0,249.15,249.85,75.0
2025-10-01,09:43:58.000,249.5,225.0,249.15,249.85,75.0
2025-10-01,09:43:59.000,248.8,375.0,248.5,249.1,225.0
2025-10-01,09:44:00.000,248.78,600.0,248.4,249.15,225.0
2025-10-01,09:44:01.000,248.78,600.0,248.4,249.15,225.0
2025-10-01,09:44:02.000,249.32,375.0,248.95,249.7,75.0
2025-10-01,09:44:03.000,249.32,375.0,248.95,249.7,75.0
2025-10-01,09:44:04.000,249.0,450.0,248.65,249.35,300.0
2025-10-01,09:44:05.000,248.25,600.0,248.0,248.5,75.0
2025-10-01,09:44:06.000,248.25,600.0,248.0,248.5,75.0
2025-10-01,09:44:07.000,248.72,375.0,248.35,249.1,75.0
2025-10-01,09:44:08.000,248.72,375.0,248.35,249.1,75.0
2025-10-01,09:44:09.000,248.25,375.0,247.9,248.6,150.0
2025-10-01,09:44:10.000,248.35,675.0,248.1,248.6,75.0
2025-10-01,09:44:11.000,248.35,675.0,248.1,248.6,75.0
2025-10-01,09:44:12.000,248.32,450.0,248.0,248.65,75.0
2025-10-01,09:44:13.000,248.32,450.0,248.0,248.65,75.0
2025-10-01,09:44:14.000,248.18,675.0,247.95,248.4,225.0
2025-10-01,09:44:15.000,248.0,300.0,247.7,248.3,75.0
2025-10-01,09:44:16.000,248.0,300.0,247.7,248.3,75.0
2025-10-01,09:44:17.000,247.92,300.0,247.6,248.25,375.0
2025-10-01,09:44:18.000,247.92,300.0,247.6,248.25,375.0
2025-10-01,09:44:19.000,247.27,600.0,247.1,247.45,75.0
2025-10-01,09:44:20.000,247.12,300.0,247.0,247.25,75.0
2025-10-01,09:44:21.000,247.12,300.0,247.0,247.25,75.0
2025-10-01,09:44:22.000,247.28,225.0,247.15,247.4,75.0
2025-10-01,09:44:23.000,247.28,225.0,247.15,247.4,75.0
2025-10-01,09:44:24.000,247.18,225.0,246.85,247.5,225.0
2025-10-01,09:44:25.000,246.62,450.0,246.25,247.0,75.0
2025-10-01,09:44:26.000,246.62,450.0,246.25,247.0,75.0
2025-10-01,09:44:27.000,246.05,225.0,245.8,246.3,150.0
2025-10-01,09:44:28.000,246.05,225.0,245.8,246.3,150.0
2025-10-01,09:44:29.000,245.68,450.0,245.3,246.05,300.0
2025-10-01,09:44:30.000,245.92,225.0,245.55,246.3,600.0
2025-10-01,09:44:31.000,245.92,225.0,245.55,246.3,600.0
2025-10-01,09:44:32.000,246.02,300.0,245.7,246.35,375.0
2025-10-01,09:44:33.000,246.02,300.0,245.7,246.35,375.0
2025-10-01,09:44:34.000,245.9,300.0,245.6,246.2,75.0
2025-10-01,09:44:35.000,246.38,675.0,246.05,246.7,225.0
2025-10-01,09:44:36.000,246.38,675.0,246.05,246.7,225.0
2025-10-01,09:44:37.000,246.55,600.0,246.2,246.9,525.0
2025-10-01,09:44:38.000,246.55,600.0,246.2,246.9,525.0
2025-10-01,09:44:39.000,246.98,450.0,246.6,247.35,600.0
2025-10-01,09:44:40.000,247.58,300.0,247.2,247.95,375.0
2025-10-01,09:44:41.000,247.58,300.0,247.2,247.95,375.0
2025-10-01,09:44:42.000,247.48,300.0,247.1,247.85,225.0
2025-10-01,09:44:43.000,247.48,300.0,247.1,247.85,225.0
2025-10-01,09:44:44.000,247.62,450.0,247.25,248.0,225.0
2025-10-01,09:44:45.000,247.05,225.0,246.65,247.45,450.0
2025-10-01,09:44:46.000,247.05,225.0,246.65,247.45,450.0
2025-10-01,09:44:47.000,246.12,75.0,245.9,246.35,75.0
2025-10-01,09:44:48.000,246.12,75.0,245.9,246.35,75.0
2025-10-01,09:44:49.000,245.98,225.0,245.8,246.15,75.0
2025-10-01,09:44:50.000,246.23,750.0,245.9,246.55,600.0
2025-10-01,09:44:51.000,246.23,750.0,245.9,246.55,600.0
2025-10-01,09:44:52.000,246.65,75.0,246.35,246.95,375.0
2025-10-01,09:44:53.000,246.65,75.0,246.35,246.95,375.0
2025-10-01,09:44:54.000,246.98,300.0,246.6,247.35,375.0
2025-10-01,09:44:55.000,246.95,375.0,246.55,247.35,675.0
2025-10-01,09:44:56.000,246.95,375.0,246.55,247.35,675.0
2025-10-01,09:44:57.000,246.98,525.0,246.6,247.35,300.0
2025-10-01,09:44:58.000,247.02,375.0,246.65,247.4,825.0
2025-10-01,09:44:59.000,247.02,375.0,246.65,247.4,825.0
2025-10-01,09:45:00.000,247.4,300.0,247.05,247.75,75.0
2025-10-01,09:45:01.000,247.4,300.0,247.05,247.75,75.0
2025-10-01,09:45:02.000,247.45,150.0,247.05,247.85,675.0
2025-10-01,09:45:03.000,248.22,375.0,247.85,248.6,375.0
2025-10-01,09:45:04.000,248.22,375.0,247.85,248.6,375.0
2025-10-01,09:45:05.000,247.28,150.0,247.0,247.55,300.0
