Date,Time,MID_PRICE,BID_SIZE,BID_PRICE,ASK_PRICE,ASK_SIZE
2025-10-01,09:15:00.000,362.58,75.0,340.0,385.15,75.0
2025-10-01,09:15:01.000,362.58,75.0,340.0,385.15,75.0
2025-10-01,09:15:02.000,348.48,150.0,347.05,349.9,750.0
2025-10-01,09:15:03.000,348.25,900.0,347.0,349.5,150.0
2025-10-01,09:15:04.000,348.22,225.0,345.95,350.5,75.0
2025-10-01,09:15:05.000,348.22,225.0,345.95,350.5,75.0
2025-10-01,09:15:06.000,348.95,150.0,347.05,350.85,150.0
2025-10-01,09:15:07.000,347.55,450.0,346.15,348.95,150.0
2025-10-01,09:15:08.000,349.92,450.0,348.85,351.0,150.0
2025-10-01,09:15:09.000,349.58,450.0,348.2,350.95,375.0
2025-10-01,09:15:10.000,352.1,150.0,351.05,353.15,150.0
2025-10-01,09:15:11.000,352.1,150.0,351.05,353.15,150.0
2025-10-01,09:15:12.000,349.85,150.0,349.05,350.65,150.0
2025-10-01,09:15:13.000,353.0,225.0,352.2,353.8,225.0
2025-10-01,09:15:14.000,353.98,150.0,352.65,355.3,75.0
2025-10-01,09:15:15.000,352.45,375.0,351.15,353.75,75.0
2025-10-01,09:15:16.000,354.0,75.0,353.05,354.95,150.0
2025-10-01,09:15:17.000,353.35,225.0,352.4,354.3,225.0
2025-10-01,09:15:18.000,353.35,225.0,352.4,354.3,225.0
2025-10-01,09:15:19.000,356.7,150.0,354.85,358.55,75.0
2025-10-01,09:15:20.000,354.83,150.0,353.8,355.85,375.0
2025-10-01,09:15:21.000,354.12,225.0,353.45,354.8,75.0
2025-10-01,09:15:22.000,353.65,300.0,353.4,353.9,75.0
2025-10-01,09:15:23.000,352.65,225.0,351.9,353.4,375.0
2025-10-01,09:15:24.000,352.65,225.0,351.9,353.4,375.0
2025-10-01,09:15:25.000,352.08,1275.0,351.3,352.85,225.0
2025-10-01,09:15:26.000,353.0,150.0,352.3,353.7,75.0
2025-10-01,09:15:27.000,351.15,150.0,350.55,351.75,225.0
2025-10-01,09:15:28.000,349.83,900.0,349.1,350.55,375.0
2025-10-01,09:15:29.000,349.62,225.0,348.95,350.3,225.0
2025-10-01,09:15:30.000,349.62,225.0,348.95,350.3,225.0
2025-10-01,09:15:31.000,349.32,375.0,348.7,349.95,150.0
2025-10-01,09:15:32.000,349.9,225.0,349.2,350.6,75.0
2025-10-01,09:15:33.000,350.48,225.0,349.65,351.3,975.0
2025-10-01,09:15:34.000,349.72,225.0,349.1,350.35,525.0
2025-10-01,09:15:35.000,350.8,225.0,350.15,351.45,150.0
2025-10-01,09:15:36.000,350.8,225.0,350.15,351.45,150.0
2025-10-01,09:15:37.000,349.75,75.0,349.05,350.45,150.0
2025-10-01,09:15:38.000,348.85,150.0,348.05,349.65,225.0
2025-10-01,09:15:39.000,349.95,150.0,349.3,350.6,450.0
2025-10-01,09:15:40.000,350.62,225.0,350.0,351.25,150.0
2025-10-01,09:15:41.000,350.62,225.0,350.0,351.25,150.0
2025-10-01,09:15:42.000,350.05,225.0,349.4,350.7,300.0
2025-10-01,09:15:43.000,348.5,300.0,347.75,349.25,525.0
2025-10-01,09:15:44.000,347.4,150.0,346.75,348.05,150.0
2025-10-01,09:15:45.000,347.85,150.0,347.2,348.5,225.0
2025-10-01,09:15:46.000,347.55,225.0,347.1,348.0,225.0
2025-10-01,09:15:47.000,348.12,225.0,347.55,348.7,150.0
2025-10-01,09:15:48.000,347.22,225.0,346.65,347.8,75.0
2025-10-01,09:15:49.000,347.22,225.0,346.65,347.8,75.0
2025-10-01,09:15:50.000,346.25,225.0,345.45,347.05,225.0
2025-10-01,09:15:51.000,346.35,225.0,345.8,346.9,225.0
2025-10-01,09:15:52.000,346.75,225.0,346.25,347.25,75.0
2025-10-01,09:15:53.000,345.8,300.0,345.3,346.3,225.0
2025-10-01,09:15:54.000,345.6,150.0,345.05,346.15,150.0
2025-10-01,09:15:55.000,345.6,150.0,345.05,346.15,150.0
2025-10-01,09:15:56.000,344.75,225.0,344.0,345.5,75.0
2025-10-01,09:15:57.000,345.02,75.0,344.4,345.65,75.0
2025-10-01,09:15:58.000,344.95,225.0,344.3,345.6,75.0
2025-10-01,09:15:59.000,344.52,225.0,344.05,345.0,225.0
2025-10-01,09:16:00.000,344.52,225.0,344.05,345.0,225.0
2025-10-01,09:16:01.000,342.88,75.0,342.25,343.5,75.0
2025-10-01,09:16:02.000,343.6,300.0,342.9,344.3,150.0
2025-10-01,09:16:03.000,342.52,150.0,342.05,343.0,150.0
2025-10-01,09:16:04.000,343.65,300.0,343.1,344.2,150.0
2025-10-01,09:16:05.000,343.65,300.0,343.1,344.2,150.0
2025-10-01,09:16:06.000,344.75,300.0,344.1,345.4,300.0
2025-10-01,09:16:07.000,345.65,75.0,344.95,346.35,150.0
2025-10-01,09:16:08.000,346.25,75.0,345.35,347.15,150.0
2025-10-01,09:16:09.000,346.25,75.0,345.35,347.15,150.0
2025-10-01,09:16:10.000,345.88,225.0,345.15,346.6,150.0
2025-10-01,09:16:11.000,344.22,300.0,343.55,344.9,150.0
2025-10-01,09:16:12.000,344.78,150.0,344.2,345.35,150.0
2025-10-01,09:16:13.000,344.78,150.0,344.2,345.35,150.0
2025-10-01,09:16:14.000,344.68,150.0,344.1,345.25,150.0
2025-10-01,09:16:15.000,345.18,225.0,344.3,346.05,225.0
2025-10-01,09:16:16.000,345.1,1125.0,344.45,345.75,450.0
2025-10-01,09:16:17.000,344.02,225.0,343.05,345.0,150.0
2025-10-01,09:16:18.000,344.02,225.0,343.05,345.0,150.0
2025-10-01,09:16:19.000,342.75,150.0,342.05,343.45,375.0
2025-10-01,09:16:20.000,342.62,525.0,341.85,343.4,900.0
2025-10-01,09:16:21.000,343.55,1125.0,342.9,344.2,150.0
2025-10-01,09:16:22.000,343.55,1125.0,342.9,344.2,150.0
2025-10-01,09:16:23.000,343.48,900.0,342.85,344.1,150.0
2025-10-01,09:16:24.000,343.3,150.0,342.65,343.95,150.0
2025-10-01,09:16:25.000,343.22,2025.0,342.65,343.8,300.0
2025-10-01,09:16:26.000,343.2,150.0,342.7,343.7,225.0
2025-10-01,09:16:27.000,343.2,150.0,342.7,343.7,225.0
2025-10-01,09:16:28.000,344.48,1950.0,343.95,345.0,150.0
2025-10-01,09:16:29.000,343.32,150.0,342.65,344.0,150.0
2025-10-01,09:16:30.000,342.92,225.0,342.3,343.55,150.0
2025-10-01,09:16:31.000,343.58,150.0,342.9,344.25,75.0
2025-10-01,09:16:32.000,343.58,150.0,342.9,344.25,75.0
2025-10-01,09:16:33.000,343.8,1800.0,343.2,344.4,300.0
2025-10-01,09:16:34.000,343.22,150.0,342.65,343.8,150.0
2025-10-01,09:16:35.000,342.18,150.0,341.55,342.8,1125.0
2025-10-01,09:16:36.000,342.18,150.0,341.55,342.8,1125.0
2025-10-01,09:16:37.000,342.35,150.0,341.3,343.4,225.0
2025-10-01,09:16:38.000,340.65,300.0,340.05,341.25,300.0
2025-10-01,09:16:39.000,340.52,150.0,340.05,341.0,1800.0
2025-10-01,09:16:40.000,340.52,150.0,340.05,341.0,1800.0
2025-10-01,09:16:41.000,340.15,300.0,339.65,340.65,150.0
2025-10-01,09:16:42.000,338.17,150.0,337.65,338.7,150.0
2025-10-01,09:16:43.000,339.08,225.0,338.5,339.65,375.0
2025-10-01,09:16:44.000,339.08,225.0,338.5,339.65,375.0
2025-10-01,09:16:45.000,339.98,75.0,339.65,340.3,375.0
2025-10-01,09:16:46.000,341.08,150.0,340.65,341.5,975.0
2025-10-01,09:16:47.000,340.75,75.0,340.2,341.3,900.0
2025-10-01,09:16:48.000,340.2,75.0,339.8,340.6,150.0
2025-10-01,09:16:49.000,340.2,75.0,339.8,340.6,150.0
2025-10-01,09:16:50.000,340.75,150.0,340.2,341.3,225.0
2025-10-01,09:16:51.000,342.18,150.0,341.6,342.75,900.0
2025-10-01,09:16:52.000,341.0,150.0,340.4,341.6,900.0
2025-10-01,09:16:53.000,341.0,150.0,340.4,341.6,900.0
2025-10-01,09:16:54.000,341.48,225.0,340.95,342.0,1200.0
2025-10-01,09:16:55.000,341.08,225.0,340.6,341.55,225.0
2025-10-01,09:16:56.000,340.85,225.0,340.3,341.4,450.0
2025-10-01,09:16:57.000,340.85,225.0,340.3,341.4,450.0
2025-10-01,09:16:58.000,340.42,150.0,339.9,340.95,225.0
2025-10-01,09:16:59.000,340.6,600.0,339.95,341.25,1050.0
2025-10-01,09:17:00.000,340.75,300.0,340.15,341.35,525.0
2025-10-01,09:17:01.000,340.75,300.0,340.15,341.35,525.0
2025-10-01,09:17:02.000,339.9,150.0,339.25,340.55,900.0
2025-10-01,09:17:03.000,339.68,300.0,339.1,340.25,450.0
2025-10-01,09:17:04.000,339.1,225.0,338.55,339.65,900.0
2025-10-01,09:17:05.000,339.15,225.0,338.6,339.7,900.0
2025-10-01,09:17:06.000,339.15,225.0,338.6,339.7,900.0
2025-10-01,09:17:07.000,339.05,225.0,338.55,339.55,900.0
2025-10-01,09:17:08.000,338.95,225.0,338.35,339.55,900.0
2025-10-01,09:17:09.000,338.48,225.0,337.95,339.0,75.0
2025-10-01,09:17:10.000,337.85,150.0,337.3,338.4,900.0
2025-10-01,09:17:11.000,337.85,150.0,337.3,338.4,900.0
2025-10-01,09:17:12.000,338.72,225.0,338.15,339.3,900.0
2025-10-01,09:17:13.000,339.02,300.0,338.5,339.55,900.0
2025-10-01,09:17:14.000,339.62,150.0,339.25,340.0,300.0
2025-10-01,09:17:15.000,339.62,150.0,339.25,340.0,300.0
2025-10-01,09:17:16.000,339.75,300.0,339.5,340.0,300.0
2025-10-01,09:17:17.000,340.5,150.0,340.05,340.95,75.0
2025-10-01,09:17:18.000,340.5,150.0,340.05,340.95,75.0
2025-10-01,09:17:19.000,342.2,150.0,341.65,342.75,900.0
2025-10-01,09:17:20.000,341.85,150.0,341.35,342.35,900.0
2025-10-01,09:17:21.000,341.65,225.0,341.15,342.15,900.0
2025-10-01,09:17:22.000,341.65,225.0,341.15,342.15,900.0
2025-10-01,09:17:23.000,342.05,225.0,341.6,342.5,900.0
2025-10-01,09:17:24.000,343.9,300.0,343.4,344.4,900.0
2025-10-01,09:17:25.000,344.3,300.0,343.8,344.8,900.0
2025-10-01,09:17:26.000,344.3,300.0,343.8,344.8,900.0
2025-10-01,09:17:27.000,344.5,300.0,343.95,345.05,900.0
2025-10-01,09:17:28.000,345.78,75.0,345.4,346.15,900.0
2025-10-01,09:17:29.000,345.52,225.0,345.05,346.0,1050.0
2025-10-01,09:17:30.000,345.52,225.0,345.05,346.0,1050.0
2025-10-01,09:17:31.000,346.62,225.0,346.15,347.1,900.0
2025-10-01,09:17:32.000,346.88,225.0,346.4,347.35,900.0
2025-10-01,09:17:33.000,346.88,225.0,346.4,347.35,900.0
2025-10-01,09:17:34.000,346.7,225.0,346.2,347.2,900.0
2025-10-01,09:17:35.000,345.12,675.0,344.6,345.65,300.0
2025-10-01,09:17:36.000,346.0,150.0,345.05,346.95,375.0
2025-10-01,09:17:37.000,346.0,150.0,345.05,346.95,375.0
2025-10-01,09:17:38.000,346.48,150.0,346.0,346.95,75.0
2025-10-01,09:17:39.000,347.15,375.0,346.6,347.7,900.0
2025-10-01,09:17:40.000,347.88,225.0,347.35,348.4,975.0
2025-10-01,09:17:41.000,347.88,225.0,347.35,348.4,975.0
2025-10-01,09:17:42.000,348.2,375.0,347.7,348.7,900.0
2025-10-01,09:17:43.000,347.9,1050.0,347.35,348.45,150.0
2025-10-01,09:17:44.000,347.5,150.0,346.9,348.1,975.0
2025-10-01,09:17:45.000,347.8,225.0,347.25,348.35,900.0
2025-10-01,09:17:46.000,347.8,225.0,347.25,348.35,900.0
2025-10-01,09:17:47.000,346.35,225.0,345.75,346.95,75.0
2025-10-01,09:17:48.000,345.0,150.0,344.45,345.55,900.0
2025-10-01,09:17:49.000,345.33,150.0,344.8,345.85,900.0
2025-10-01,09:17:50.000,345.33,150.0,344.8,345.85,900.0
2025-10-01,09:17:51.000,345.6,150.0,345.05,346.15,900.0
2025-10-01,09:17:52.000,346.1,75.0,345.6,346.6,900.0
2025-10-01,09:17:53.000,347.48,225.0,346.9,348.05,75.0
2025-10-01,09:17:54.000,347.48,225.0,346.9,348.05,75.0
2025-10-01,09:17:55.000,347.75,450.0,347.0,348.5,300.0
2025-10-01,09:17:56.000,347.52,75.0,347.0,348.05,900.0
2025-10-01,09:17:57.000,348.92,75.0,348.5,349.35,900.0
2025-10-01,09:17:58.000,348.92,75.0,348.5,349.35,900.0
2025-10-01,09:17:59.000,349.83,825.0,349.3,350.35,900.0
2025-10-01,09:18:00.000,349.88,75.0,349.35,350.4,150.0
2025-10-01,09:18:01.000,349.88,75.0,349.35,350.4,150.0
2025-10-01,09:18:02.000,349.58,300.0,348.9,350.25,150.0
2025-10-01,09:18:03.000,347.88,75.0,347.05,348.7,300.0
2025-10-01,09:18:04.000,347.92,75.0,347.1,348.75,150.0
2025-10-01,09:18:05.000,347.92,75.0,347.1,348.75,150.0
2025-10-01,09:18:06.000,349.4,300.0,348.8,350.0,150.0
2025-10-01,09:18:07.000,347.65,300.0,347.05,348.25,450.0
2025-10-01,09:18:08.000,347.42,150.0,347.0,347.85,150.0
2025-10-01,09:18:09.000,347.42,150.0,347.0,347.85,150.0
2025-10-01,09:18:10.000,347.5,225.0,347.0,348.0,75.0
2025-10-01,09:18:11.000,347.72,225.0,347.15,348.3,225.0
2025-10-01,09:18:12.000,348.32,225.0,347.75,348.9,225.0
2025-10-01,09:18:13.000,348.32,225.0,347.75,348.9,225.0
2025-10-01,09:18:14.000,348.08,75.0,347.6,348.55,225.0
2025-10-01,09:18:15.000,348.18,300.0,347.6,348.75,525.0
2025-10-01,09:18:16.000,348.72,150.0,347.9,349.55,225.0
2025-10-01,09:18:17.000,348.72,150.0,347.9,349.55,225.0
2025-10-01,09:18:18.000,348.68,75.0,348.25,349.1,75.0
2025-10-01,09:18:19.000,348.98,150.0,348.1,349.85,300.0
2025-10-01,09:18:20.000,348.5,75.0,348.1,348.9,300.0
2025-10-01,09:18:21.000,348.5,75.0,348.1,348.9,300.0
2025-10-01,09:18:22.000,346.48,75.0,345.95,347.0,150.0
2025-10-01,09:18:23.000,347.15,150.0,346.7,347.6,150.0
2025-10-01,09:18:24.000,347.32,150.0,346.75,347.9,150.0
2025-10-01,09:18:25.000,347.32,150.0,346.75,347.9,150.0
2025-10-01,09:18:26.000,346.9,150.0,346.4,347.4,150.0
2025-10-01,09:18:27.000,346.85,150.0,346.25,347.45,150.0
2025-10-01,09:18:28.000,346.8,225.0,346.2,347.4,150.0
2025-10-01,09:18:29.000,346.8,225.0,346.2,347.4,150.0
2025-10-01,09:18:30.000,346.38,75.0,345.95,346.8,225.0
2025-10-01,09:18:31.000,346.22,75.0,345.95,346.5,150.0
2025-10-01,09:18:32.000,344.75,150.0,344.2,345.3,150.0
2025-10-01,09:18:33.000,345.12,300.0,344.6,345.65,225.0
2025-10-01,09:18:34.000,345.12,300.0,344.6,345.65,225.0
2025-10-01,09:18:35.000,346.12,75.0,345.65,346.6,225.0
2025-10-01,09:18:36.000,345.88,525.0,345.4,346.35,150.0
2025-10-01,09:18:37.000,345.6,300.0,345.05,346.15,150.0
2025-10-01,09:18:38.000,345.6,300.0,345.05,346.15,150.0
2025-10-01,09:18:39.000,346.2,300.0,345.7,346.7,150.0
2025-10-01,09:18:40.000,346.0,300.0,345.5,346.5,150.0
2025-10-01,09:18:41.000,347.05,300.0,346.6,347.5,150.0
2025-10-01,09:18:42.000,347.05,300.0,346.6,347.5,150.0
2025-10-01,09:18:43.000,347.5,300.0,347.0,348.0,525.0
2025-10-01,09:18:44.000,347.5,300.0,347.0,348.0,525.0
2025-10-01,09:18:45.000,347.15,375.0,346.6,347.7,150.0
2025-10-01,09:18:46.000,347.15,375.0,346.6,347.7,150.0
2025-10-01,09:18:47.000,346.45,300.0,345.9,347.0,150.0
2025-10-01,09:18:48.000,345.78,300.0,345.25,346.3,150.0
2025-10-01,09:18:49.000,345.78,300.0,345.25,346.3,150.0
2025-10-01,09:18:50.000,345.8,300.0,345.3,346.3,150.0
2025-10-01,09:18:51.000,345.8,300.0,345.3,346.3,150.0
2025-10-01,09:18:52.000,345.8,300.0,345.3,346.3,375.0
2025-10-01,09:18:53.000,344.88,300.0,344.35,345.4,225.0
2025-10-01,09:18:54.000,344.88,300.0,344.35,345.4,225.0
2025-10-01,09:18:55.000,344.65,75.0,344.15,345.15,150.0
2025-10-01,09:18:56.000,344.65,75.0,344.15,345.15,150.0
2025-10-01,09:18:57.000,344.8,75.0,343.9,345.7,225.0
2025-10-01,09:18:58.000,343.95,825.0,343.45,344.45,150.0
2025-10-01,09:18:59.000,343.95,825.0,343.45,344.45,150.0
2025-10-01,09:19:00.000,343.83,300.0,343.3,344.35,150.0
2025-10-01,09:19:01.000,343.83,300.0,343.3,344.35,150.0
2025-10-01,09:19:02.000,342.98,150.0,342.65,343.3,300.0
2025-10-01,09:19:03.000,342.98,150.0,342.65,343.3,300.0
2025-10-01,09:19:04.000,343.65,300.0,343.3,344.0,150.0
2025-10-01,09:19:05.000,342.58,300.0,342.15,343.0,150.0
2025-10-01,09:19:06.000,342.58,300.0,342.15,343.0,150.0
2025-10-01,09:19:07.000,343.15,300.0,342.65,343.65,150.0
2025-10-01,09:19:08.000,343.15,300.0,342.65,343.65,150.0
2025-10-01,09:19:09.000,342.72,525.0,342.05,343.4,150.0
2025-10-01,09:19:10.000,343.22,300.0,342.5,343.95,150.0
2025-10-01,09:19:11.000,343.22,300.0,342.5,343.95,150.0
2025-10-01,09:19:12.000,342.12,300.0,341.75,342.5,75.0
2025-10-01,09:19:13.000,342.12,300.0,341.75,342.5,75.0
2025-10-01,09:19:14.000,342.4,75.0,341.85,342.95,150.0
2025-10-01,09:19:15.000,342.0,75.0,341.5,342.5,150.0
2025-10-01,09:19:16.000,342.0,75.0,341.5,342.5,150.0
2025-10-01,09:19:17.000,342.98,300.0,342.35,343.6,150.0
2025-10-01,09:19:18.000,342.98,300.0,342.35,343.6,150.0
2025-10-01,09:19:19.000,341.8,225.0,341.0,342.6,225.0
2025-10-01,09:19:20.000,340.52,300.0,340.0,341.05,300.0
2025-10-01,09:19:21.000,340.52,300.0,340.0,341.05,300.0
2025-10-01,09:19:22.000,340.68,375.0,340.1,341.25,375.0
2025-10-01,09:19:23.000,340.68,375.0,340.1,341.25,375.0
2025-10-01,09:19:24.000,340.9,225.0,340.4,341.4,75.0
2025-10-01,09:19:25.000,341.58,300.0,341.15,342.0,150.0
2025-10-01,09:19:26.000,341.58,300.0,341.15,342.0,150.0
2025-10-01,09:19:27.000,342.92,600.0,342.25,343.6,150.0
2025-10-01,09:19:28.000,342.92,600.0,342.25,343.6,150.0
2025-10-01,09:19:29.000,343.58,225.0,343.15,344.0,225.0
2025-10-01,09:19:30.000,344.58,150.0,343.85,345.3,225.0
2025-10-01,09:19:31.000,344.58,150.0,343.85,345.3,225.0
2025-10-01,09:19:32.000,343.88,150.0,343.4,344.35,225.0
2025-10-01,09:19:33.000,343.88,150.0,343.4,344.35,225.0
2025-10-01,09:19:34.000,343.88,150.0,343.4,344.35,225.0
2025-10-01,09:19:35.000,343.08,75.0,342.55,343.6,225.0
2025-10-01,09:19:36.000,343.08,75.0,342.55,343.6,225.0
2025-10-01,09:19:37.000,343.62,300.0,343.0,344.25,150.0
2025-10-01,09:19:38.000,343.62,300.0,343.0,344.25,150.0
2025-10-01,09:19:39.000,344.02,225.0,343.5,344.55,150.0
2025-10-01,09:19:40.000,344.65,225.0,344.15,345.15,225.0
2025-10-01,09:19:41.000,344.65,225.0,344.15,345.15,225.0
2025-10-01,09:19:42.000,344.65,225.0,344.15,345.15,225.0
2025-10-01,09:19:43.000,344.65,225.0,344.15,345.15,225.0
2025-10-01,09:19:44.000,344.48,150.0,344.1,344.85,150.0
2025-10-01,09:19:45.000,345.28,150.0,344.6,345.95,150.0
2025-10-01,09:19:46.000,345.28,150.0,344.6,345.95,150.0
2025-10-01,09:19:47.000,343.92,300.0,343.45,344.4,150.0
2025-10-01,09:19:48.000,343.92,300.0,343.45,344.4,150.0
2025-10-01,09:19:49.000,343.15,150.0,342.65,343.65,150.0
2025-10-01,09:19:50.000,342.8,150.0,342.35,343.25,150.0
2025-10-01,09:19:51.000,342.8,150.0,342.35,343.25,150.0
2025-10-01,09:19:52.000,342.25,150.0,341.75,342.75,450.0
2025-10-01,09:19:53.000,342.25,150.0,341.75,342.75,450.0
2025-10-01,09:19:54.000,341.52,225.0,341.05,342.0,300.0
2025-10-01,09:19:55.000,341.62,225.0,341.25,342.0,150.0
2025-10-01,09:19:56.000,341.62,225.0,341.25,342.0,150.0
2025-10-01,09:19:57.000,340.58,225.0,340.15,341.0,150.0
2025-10-01,09:19:58.000,340.58,225.0,340.15,341.0,150.0
2025-10-01,09:19:59.000,340.22,150.0,340.0,340.45,75.0
2025-10-01,09:20:00.000,339.08,300.0,338.5,339.65,225.0
2025-10-01,09:20:01.000,339.08,300.0,338.5,339.65,225.0
2025-10-01,09:20:02.000,338.52,150.0,337.8,339.25,75.0
2025-10-01,09:20:03.000,338.52,150.0,337.8,339.25,75.0
2025-10-01,09:20:04.000,338.18,150.0,337.75,338.6,75.0
2025-10-01,09:20:05.000,338.3,525.0,337.8,338.8,75.0
2025-10-01,09:20:06.000,338.3,525.0,337.8,338.8,75.0
2025-10-01,09:20:07.000,338.32,225.0,337.75,338.9,225.0
2025-10-01,09:20:08.000,338.32,225.0,337.75,338.9,225.0
2025-10-01,09:20:09.000,338.33,300.0,337.85,338.8,300.0
2025-10-01,09:20:10.000,338.1,225.0,337.65,338.55,150.0
2025-10-01,09:20:11.000,338.1,225.0,337.65,338.55,150.0
2025-10-01,09:20:12.000,337.15,150.0,336.6,337.7,75.0
2025-10-01,09:20:13.000,336.6,75.0,336.2,337.0,150.0
2025-10-01,09:20:14.000,336.6,75.0,336.2,337.0,150.0
2025-10-01,09:20:15.000,336.4,300.0,335.85,336.95,150.0
2025-10-01,09:20:16.000,336.4,300.0,335.85,336.95,150.0
2025-10-01,09:20:17.000,336.95,150.0,336.45,337.45,150.0
2025-10-01,09:20:18.000,336.58,225.0,336.0,337.15,525.0
2025-10-01,09:20:19.000,336.58,225.0,336.0,337.15,525.0
2025-10-01,09:20:20.000,334.32,225.0,333.65,335.0,300.0
2025-10-01,09:20:21.000,334.32,225.0,333.65,335.0,300.0
2025-10-01,09:20:22.000,335.7,375.0,334.9,336.5,225.0
2025-10-01,09:20:23.000,335.45,150.0,334.95,335.95,75.0
2025-10-01,09:20:24.000,335.45,150.0,334.95,335.95,75.0
2025-10-01,09:20:25.000,334.48,375.0,333.95,335.0,150.0
2025-10-01,09:20:26.000,334.48,375.0,333.95,335.0,150.0
2025-10-01,09:20:27.000,334.25,75.0,333.5,335.0,150.0
2025-10-01,09:20:28.000,334.83,75.0,334.3,335.35,225.0
2025-10-01,09:20:29.000,334.83,75.0,334.3,335.35,225.0
2025-10-01,09:20:30.000,335.58,75.0,335.15,336.0,300.0
2025-10-01,09:20:31.000,335.58,75.0,335.15,336.0,300.0
2025-10-01,09:20:32.000,336.45,75.0,336.0,336.9,75.0
2025-10-01,09:20:33.000,337.88,75.0,336.85,338.9,300.0
2025-10-01,09:20:34.000,337.88,75.0,336.85,338.9,300.0
2025-10-01,09:20:35.000,337.25,450.0,336.65,337.85,375.0
2025-10-01,09:20:36.000,336.8,525.0,336.15,337.45,150.0
2025-10-01,09:20:37.000,336.8,525.0,336.15,337.45,150.0
2025-10-01,09:20:38.000,336.0,300.0,335.5,336.5,375.0
2025-10-01,09:20:39.000,336.0,300.0,335.5,336.5,375.0
2025-10-01,09:20:40.000,335.95,375.0,335.45,336.45,225.0
2025-10-01,09:20:41.000,337.35,300.0,336.85,337.85,150.0
2025-10-01,09:20:42.000,337.35,300.0,336.85,337.85,150.0
2025-10-01,09:20:43.000,338.38,75.0,337.6,339.15,150.0
2025-10-01,09:20:44.000,337.35,150.0,336.75,337.95,150.0
2025-10-01,09:20:45.000,337.35,150.0,336.75,337.95,150.0
2025-10-01,09:20:46.000,337.02,375.0,336.4,337.65,150.0
2025-10-01,09:20:47.000,337.02,375.0,336.4,337.65,150.0
2025-10-01,09:20:48.000,336.72,375.0,336.25,337.2,150.0
2025-10-01,09:20:49.000,338.38,375.0,337.8,338.95,150.0
2025-10-01,09:20:50.000,338.38,375.0,337.8,338.95,150.0
2025-10-01,09:20:51.000,337.83,75.0,337.35,338.3,75.0
2025-10-01,09:20:52.000,337.83,75.0,337.35,338.3,75.0
2025-10-01,09:20:53.000,337.72,375.0,337.2,338.25,75.0
2025-10-01,09:20:54.000,340.2,75.0,339.65,340.75,150.0
2025-10-01,09:20:55.000,340.2,75.0,339.65,340.75,150.0
2025-10-01,09:20:56.000,341.38,75.0,340.75,342.0,300.0
2025-10-01,09:20:57.000,341.38,75.0,340.75,342.0,300.0
2025-10-01,09:20:58.000,341.17,75.0,340.7,341.65,300.0
2025-10-01,09:20:59.000,342.42,75.0,341.85,343.0,150.0
2025-10-01,09:21:00.000,342.42,75.0,341.85,343.0,150.0
2025-10-01,09:21:01.000,340.9,150.0,340.2,341.6,150.0
2025-10-01,09:21:02.000,340.9,150.0,340.2,341.6,150.0
2025-10-01,09:21:03.000,340.12,525.0,339.4,340.85,225.0
2025-10-01,09:21:04.000,339.1,300.0,338.4,339.8,150.0
2025-10-01,09:21:05.000,339.1,300.0,338.4,339.8,150.0
2025-10-01,09:21:06.000,339.55,525.0,338.9,340.2,150.0
2025-10-01,09:21:07.000,339.55,525.0,338.9,340.2,150.0
2025-10-01,09:21:08.000,339.95,300.0,339.3,340.6,150.0
2025-10-01,09:21:09.000,340.32,225.0,339.7,340.95,225.0
2025-10-01,09:21:10.000,340.32,225.0,339.7,340.95,225.0
2025-10-01,09:21:11.000,340.85,75.0,340.2,341.5,150.0
2025-10-01,09:21:12.000,340.85,75.0,340.2,341.5,150.0
2025-10-01,09:21:13.000,340.65,75.0,340.15,341.15,225.0
2025-10-01,09:21:14.000,340.65,75.0,340.15,341.15,225.0
2025-10-01,09:21:15.000,341.78,150.0,341.05,342.5,75.0
2025-10-01,09:21:16.000,342.72,375.0,342.1,343.35,525.0
2025-10-01,09:21:17.000,342.72,375.0,342.1,343.35,525.0
2025-10-01,09:21:18.000,342.95,525.0,342.3,343.6,150.0
2025-10-01,09:21:19.000,342.95,525.0,342.3,343.6,150.0
2025-10-01,09:21:20.000,342.02,225.0,341.55,342.5,150.0
2025-10-01,09:21:21.000,342.58,150.0,342.05,343.1,150.0
2025-10-01,09:21:22.000,342.58,150.0,342.05,343.1,150.0
2025-10-01,09:21:23.000,340.48,150.0,339.95,341.0,375.0
2025-10-01,09:21:24.000,340.48,150.0,339.95,341.0,375.0
2025-10-01,09:21:25.000,339.98,300.0,339.4,340.55,150.0
2025-10-01,09:21:26.000,339.2,150.0,338.5,339.9,75.0
2025-10-01,09:21:27.000,339.2,150.0,338.5,339.9,75.0
2025-10-01,09:21:28.000,338.75,375.0,338.2,339.3,150.0
2025-10-01,09:21:29.000,338.75,375.0,338.2,339.3,150.0
2025-10-01,09:21:30.000,338.3,150.0,337.8,338.8,75.0
2025-10-01,09:21:31.000,338.45,225.0,337.95,338.95,150.0
2025-10-01,09:21:32.000,338.45,225.0,337.95,338.95,150.0
2025-10-01,09:21:33.000,339.22,300.0,338.65,339.8,150.0
2025-10-01,09:21:34.000,339.22,300.0,338.65,339.8,150.0
2025-10-01,09:21:35.000,339.5,375.0,339.0,340.0,300.0
2025-10-01,09:21:36.000,339.62,525.0,339.05,340.2,225.0
2025-10-01,09:21:37.000,339.62,525.0,339.05,340.2,225.0
2025-10-01,09:21:38.000,340.42,450.0,339.85,341.0,600.0
2025-10-01,09:21:39.000,340.42,450.0,339.85,341.0,600.0
2025-10-01,09:21:40.000,341.38,150.0,340.8,341.95,150.0
2025-10-01,09:21:41.000,340.3,225.0,339.75,340.85,75.0
2025-10-01,09:21:42.000,340.3,225.0,339.75,340.85,75.0
2025-10-01,09:21:43.000,340.9,300.0,340.3,341.5,75.0
2025-10-01,09:21:44.000,340.9,300.0,340.3,341.5,75.0
2025-10-01,09:21:45.000,340.7,300.0,340.2,341.2,75.0
2025-10-01,09:21:46.000,340.1,150.0,339.3,340.9,75.0
2025-10-01,09:21:47.000,340.1,150.0,339.3,340.9,75.0
2025-10-01,09:21:48.000,340.58,150.0,340.0,341.15,375.0
2025-10-01,09:21:49.000,340.58,150.0,340.0,341.15,375.0
2025-10-01,09:21:50.000,340.78,225.0,340.2,341.35,150.0
2025-10-01,09:21:51.000,340.9,225.0,340.2,341.6,750.0
2025-10-01,09:21:52.000,340.9,225.0,340.2,341.6,750.0
2025-10-01,09:21:53.000,340.62,300.0,340.05,341.2,225.0
2025-10-01,09:21:54.000,340.62,300.0,340.05,341.2,225.0
2025-10-01,09:21:55.000,340.58,225.0,340.0,341.15,375.0
2025-10-01,09:21:56.000,341.2,300.0,340.65,341.75,225.0
2025-10-01,09:21:57.000,341.2,300.0,340.65,341.75,225.0
2025-10-01,09:21:58.000,342.72,225.0,342.1,343.35,300.0
2025-10-01,09:21:59.000,342.72,225.0,342.1,343.35,300.0
2025-10-01,09:22:00.000,342.08,225.0,341.55,342.6,225.0
2025-10-01,09:22:01.000,343.6,300.0,342.85,344.35,300.0
2025-10-01,09:22:02.000,343.6,300.0,342.85,344.35,300.0
2025-10-01,09:22:03.000,342.1,300.0,341.55,342.65,150.0
2025-10-01,09:22:04.000,342.1,300.0,341.55,342.65,150.0
2025-10-01,09:22:05.000,344.22,375.0,343.7,344.75,375.0
2025-10-01,09:22:06.000,344.3,300.0,343.8,344.8,375.0
2025-10-01,09:22:07.000,344.3,300.0,343.8,344.8,375.0
2025-10-01,09:22:08.000,344.02,300.0,343.5,344.55,225.0
2025-10-01,09:22:09.000,343.75,300.0,343.25,344.25,75.0
2025-10-01,09:22:10.000,343.75,300.0,343.25,344.25,75.0
2025-10-01,09:22:11.000,342.38,75.0,341.65,343.1,150.0
2025-10-01,09:22:12.000,342.38,75.0,341.65,343.1,150.0
2025-10-01,09:22:13.000,343.25,300.0,342.85,343.65,150.0
2025-10-01,09:22:14.000,343.7,300.0,343.15,344.25,450.0
2025-10-01,09:22:15.000,343.7,300.0,343.15,344.25,450.0
2025-10-01,09:22:16.000,344.42,300.0,344.0,344.85,150.0
2025-10-01,09:22:17.000,344.42,300.0,344.0,344.85,150.0
2025-10-01,09:22:18.000,344.1,300.0,343.5,344.7,75.0
2025-10-01,09:22:19.000,344.05,300.0,343.45,344.65,150.0
2025-10-01,09:22:20.000,344.05,300.0,343.45,344.65,150.0
2025-10-01,09:22:21.000,344.5,300.0,344.0,345.0,75.0
2025-10-01,09:22:22.000,344.5,300.0,344.0,345.0,75.0
2025-10-01,09:22:23.000,344.22,300.0,343.6,344.85,150.0
2025-10-01,09:22:24.000,344.42,300.0,343.85,345.0,75.0
2025-10-01,09:22:25.000,344.42,300.0,343.85,345.0,75.0
2025-10-01,09:22:26.000,344.42,300.0,343.9,344.95,150.0
2025-10-01,09:22:27.000,344.42,300.0,343.9,344.95,150.0
2025-10-01,09:22:28.000,344.52,300.0,344.05,345.0,75.0
2025-10-01,09:22:29.000,343.7,300.0,343.15,344.25,225.0
2025-10-01,09:22:30.000,343.7,300.0,343.15,344.25,225.0
2025-10-01,09:22:31.000,343.52,75.0,343.15,343.9,75.0
2025-10-01,09:22:32.000,343.52,75.0,343.15,343.9,75.0
2025-10-01,09:22:33.000,343.22,750.0,343.1,343.35,150.0
2025-10-01,09:22:34.000,342.82,300.0,342.25,343.4,75.0
2025-10-01,09:22:35.000,342.82,300.0,342.25,343.4,75.0
2025-10-01,09:22:36.000,342.75,300.0,342.2,343.3,225.0
2025-10-01,09:22:37.000,342.75,300.0,342.2,343.3,225.0
2025-10-01,09:22:38.000,342.4,75.0,341.8,343.0,150.0
2025-10-01,09:22:39.000,342.67,450.0,342.15,343.2,150.0
2025-10-01,09:22:40.000,342.67,450.0,342.15,343.2,150.0
2025-10-01,09:22:41.000,342.52,300.0,342.0,343.05,150.0
2025-10-01,09:22:42.000,342.52,300.0,342.0,343.05,150.0
2025-10-01,09:22:43.000,342.82,75.0,342.45,343.2,75.0
2025-10-01,09:22:44.000,342.85,300.0,342.5,343.2,75.0
2025-10-01,09:22:45.000,342.85,300.0,342.5,343.2,75.0
2025-10-01,09:22:46.000,343.2,75.0,342.65,343.75,150.0
2025-10-01,09:22:47.000,343.2,75.0,342.65,343.75,150.0
2025-10-01,09:22:48.000,343.42,75.0,342.9,343.95,525.0
2025-10-01,09:22:49.000,343.22,300.0,342.75,343.7,150.0
2025-10-01,09:22:50.000,343.22,300.0,342.75,343.7,150.0
2025-10-01,09:22:51.000,343.3,375.0,342.7,343.9,300.0
2025-10-01,09:22:52.000,343.3,375.0,342.7,343.9,300.0
2025-10-01,09:22:53.000,342.95,300.0,342.45,343.45,150.0
2025-10-01,09:22:54.000,341.75,300.0,341.2,342.3,150.0
2025-10-01,09:22:55.000,341.75,300.0,341.2,342.3,150.0
2025-10-01,09:22:56.000,341.8,525.0,341.3,342.3,300.0
2025-10-01,09:22:57.000,341.8,525.0,341.3,342.3,300.0
2025-10-01,09:22:58.000,340.65,375.0,340.1,341.2,150.0
2025-10-01,09:22:59.000,341.38,225.0,340.95,341.8,75.0
2025-10-01,09:23:00.000,341.38,225.0,340.95,341.8,75.0
2025-10-01,09:23:01.000,341.28,300.0,340.7,341.85,375.0
2025-10-01,09:23:02.000,341.28,300.0,340.7,341.85,375.0
2025-10-01,09:23:03.000,341.08,150.0,340.5,341.65,150.0
2025-10-01,09:23:04.000,340.72,225.0,340.15,341.3,150.0
2025-10-01,09:23:05.000,340.72,225.0,340.15,341.3,150.0
2025-10-01,09:23:06.000,341.08,300.0,340.55,341.6,150.0
2025-10-01,09:23:07.000,341.08,300.0,340.55,341.6,150.0
2025-10-01,09:23:08.000,341.52,225.0,340.95,342.1,150.0
2025-10-01,09:23:09.000,341.22,300.0,340.7,341.75,225.0
2025-10-01,09:23:10.000,341.22,300.0,340.7,341.75,225.0
2025-10-01,09:23:11.000,341.25,225.0,340.8,341.7,75.0
2025-10-01,09:23:12.000,341.25,225.0,340.8,341.7,75.0
2025-10-01,09:23:13.000,342.32,450.0,341.7,342.95,225.0
2025-10-01,09:23:14.000,342.52,450.0,341.95,343.1,150.0
2025-10-01,09:23:15.000,342.52,450.0,341.95,343.1,150.0
2025-10-01,09:23:16.000,343.4,300.0,342.9,343.9,450.0
2025-10-01,09:23:17.000,343.4,300.0,342.9,343.9,450.0
2025-10-01,09:23:18.000,344.83,225.0,344.35,345.3,150.0
2025-10-01,09:23:19.000,344.62,225.0,344.15,345.1,150.0
2025-10-01,09:23:20.000,344.62,225.0,344.15,345.1,150.0
2025-10-01,09:23:21.000,344.15,150.0,343.65,344.65,150.0
2025-10-01,09:23:22.000,344.15,150.0,343.65,344.65,150.0
2025-10-01,09:23:23.000,343.67,225.0,343.2,344.15,75.0
2025-10-01,09:23:24.000,343.35,150.0,342.85,343.85,150.0
2025-10-01,09:23:25.000,343.35,150.0,342.85,343.85,150.0
2025-10-01,09:23:26.000,342.02,150.0,341.45,342.6,150.0
2025-10-01,09:23:27.000,342.02,150.0,341.45,342.6,150.0
2025-10-01,09:23:28.000,341.82,225.0,341.15,342.5,150.0
2025-10-01,09:23:29.000,341.82,225.0,341.15,342.5,150.0
2025-10-01,09:23:30.000,341.62,225.0,341.05,342.2,150.0
2025-10-01,09:23:31.000,342.48,225.0,341.75,343.2,150.0
2025-10-01,09:23:32.000,342.48,225.0,341.75,343.2,150.0
2025-10-01,09:23:33.000,343.0,225.0,342.45,343.55,150.0
2025-10-01,09:23:34.000,343.0,225.0,342.45,343.55,150.0
2025-10-01,09:23:35.000,343.12,225.0,342.65,343.6,75.0
2025-10-01,09:23:36.000,342.88,150.0,342.25,343.5,525.0
2025-10-01,09:23:37.000,342.88,150.0,342.25,343.5,525.0
2025-10-01,09:23:38.000,340.62,225.0,340.05,341.2,150.0
2025-10-01,09:23:39.000,340.62,225.0,340.05,341.2,150.0
2025-10-01,09:23:40.000,340.88,225.0,340.25,341.5,150.0
2025-10-01,09:23:41.000,341.62,150.0,341.0,342.25,150.0
2025-10-01,09:23:42.000,341.62,150.0,341.0,342.25,150.0
2025-10-01,09:23:43.000,342.12,300.0,341.55,342.7,75.0
2025-10-01,09:23:44.000,341.92,225.0,341.35,342.5,150.0
2025-10-01,09:23:45.000,341.92,225.0,341.35,342.5,150.0
2025-10-01,09:23:46.000,341.85,150.0,341.3,342.4,150.0
2025-10-01,09:23:47.000,341.85,150.0,341.3,342.4,150.0
2025-10-01,09:23:48.000,341.9,225.0,341.4,342.4,150.0
2025-10-01,09:23:49.000,342.38,300.0,341.85,342.9,150.0
2025-10-01,09:23:50.000,342.38,300.0,341.85,342.9,150.0
2025-10-01,09:23:51.000,342.62,225.0,342.25,343.0,300.0
2025-10-01,09:23:52.000,342.62,225.0,342.25,343.0,300.0
2025-10-01,09:23:53.000,343.8,375.0,343.4,344.2,150.0
2025-10-01,09:23:54.000,345.52,225.0,344.5,346.55,75.0
2025-10-01,09:23:55.000,345.52,225.0,344.5,346.55,75.0
2025-10-01,09:23:56.000,345.38,225.0,344.8,345.95,150.0
2025-10-01,09:23:57.000,345.38,225.0,344.8,345.95,150.0
2025-10-01,09:23:58.000,344.4,225.0,343.8,345.0,225.0
2025-10-01,09:23:59.000,345.15,300.0,344.65,345.65,150.0
2025-10-01,09:24:00.000,345.15,300.0,344.65,345.65,150.0
2025-10-01,09:24:01.000,345.08,150.0,344.6,345.55,75.0
2025-10-01,09:24:02.000,345.08,150.0,344.6,345.55,75.0
2025-10-01,09:24:03.000,346.1,75.0,345.65,346.55,150.0
2025-10-01,09:24:04.000,346.0,75.0,345.4,346.6,150.0
2025-10-01,09:24:05.000,346.0,75.0,345.4,346.6,150.0
2025-10-01,09:24:06.000,345.8,150.0,345.4,346.2,150.0
2025-10-01,09:24:07.000,345.8,150.0,345.4,346.2,150.0
2025-10-01,09:24:08.000,346.33,225.0,345.85,346.8,150.0
2025-10-01,09:24:09.000,345.83,225.0,345.3,346.35,150.0
2025-10-01,09:24:10.000,345.83,225.0,345.3,346.35,150.0
2025-10-01,09:24:11.000,346.18,150.0,345.75,346.6,150.0
2025-10-01,09:24:12.000,346.18,150.0,345.75,346.6,150.0
2025-10-01,09:24:13.000,345.48,675.0,344.95,346.0,150.0
2025-10-01,09:24:14.000,345.75,300.0,345.25,346.25,150.0
2025-10-01,09:24:15.000,345.75,300.0,345.25,346.25,150.0
2025-10-01,09:24:16.000,345.38,300.0,344.9,345.85,75.0
2025-10-01,09:24:17.000,345.38,300.0,344.9,345.85,75.0
2025-10-01,09:24:18.000,345.83,300.0,345.35,346.3,75.0
2025-10-01,09:24:19.000,347.18,300.0,346.6,347.75,750.0
2025-10-01,09:24:20.000,347.18,300.0,346.6,347.75,750.0
2025-10-01,09:24:21.000,346.72,525.0,346.0,347.45,300.0
2025-10-01,09:24:22.000,346.72,525.0,346.0,347.45,300.0
2025-10-01,09:24:23.000,346.68,300.0,346.0,347.35,150.0
2025-10-01,09:24:24.000,346.5,300.0,346.0,347.0,225.0
2025-10-01,09:24:25.000,346.5,300.0,346.0,347.0,225.0
2025-10-01,09:24:26.000,346.72,150.0,346.45,347.0,75.0
2025-10-01,09:24:27.000,346.72,150.0,346.45,347.0,75.0
2025-10-01,09:24:28.000,346.72,375.0,346.2,347.25,150.0
2025-10-01,09:24:29.000,346.9,375.0,346.4,347.4,150.0
2025-10-01,09:24:30.000,346.9,375.0,346.4,347.4,150.0
2025-10-01,09:24:31.000,345.85,300.0,345.35,346.35,225.0
2025-10-01,09:24:32.000,345.85,300.0,345.35,346.35,225.0
2025-10-01,09:24:33.000,345.8,300.0,345.3,346.3,75.0
2025-10-01,09:24:34.000,344.95,300.0,344.45,345.45,225.0
2025-10-01,09:24:35.000,344.95,300.0,344.45,345.45,225.0
2025-10-01,09:24:36.000,344.28,300.0,343.75,344.8,150.0
2025-10-01,09:24:37.000,344.28,300.0,343.75,344.8,150.0
2025-10-01,09:24:38.000,343.92,300.0,343.35,344.5,300.0
2025-10-01,09:24:39.000,344.18,300.0,343.6,344.75,225.0
2025-10-01,09:24:40.000,344.18,300.0,343.6,344.75,225.0
2025-10-01,09:24:41.000,343.32,300.0,342.75,343.9,225.0
2025-10-01,09:24:42.000,343.32,300.0,342.75,343.9,225.0
2025-10-01,09:24:43.000,344.35,300.0,343.85,344.85,300.0
2025-10-01,09:24:44.000,345.38,300.0,344.8,345.95,300.0
2025-10-01,09:24:45.000,345.38,300.0,344.8,345.95,300.0
2025-10-01,09:24:46.000,345.2,300.0,344.6,345.8,450.0
2025-10-01,09:24:47.000,345.2,300.0,344.6,345.8,450.0
2025-10-01,09:24:48.000,345.12,300.0,344.55,345.7,225.0
2025-10-01,09:24:49.000,345.98,300.0,345.35,346.6,75.0
2025-10-01,09:24:50.000,345.98,300.0,345.35,346.6,75.0
2025-10-01,09:24:51.000,346.2,300.0,345.75,346.65,75.0
2025-10-01,09:24:52.000,346.2,300.0,345.75,346.65,75.0
2025-10-01,09:24:53.000,347.18,300.0,346.6,347.75,300.0
2025-10-01,09:24:54.000,348.1,300.0,347.5,348.7,375.0
2025-10-01,09:24:55.000,348.1,300.0,347.5,348.7,375.0
2025-10-01,09:24:56.000,347.95,300.0,347.4,348.5,225.0
2025-10-01,09:24:57.000,347.95,300.0,347.4,348.5,225.0
2025-10-01,09:24:58.000,347.25,75.0,346.75,347.75,225.0
2025-10-01,09:24:59.000,348.3,300.0,347.75,348.85,150.0
2025-10-01,09:25:00.000,348.3,300.0,347.75,348.85,150.0
2025-10-01,09:25:01.000,348.42,300.0,347.85,349.0,225.0
2025-10-01,09:25:02.000,348.42,300.0,347.85,349.0,225.0
2025-10-01,09:25:03.000,348.15,300.0,347.6,348.7,150.0
2025-10-01,09:25:04.000,349.22,300.0,348.75,349.7,150.0
2025-10-01,09:25:05.000,349.22,300.0,348.75,349.7,150.0
2025-10-01,09:25:06.000,348.28,300.0,347.75,348.8,225.0
2025-10-01,09:25:07.000,348.28,300.0,347.75,348.8,225.0
2025-10-01,09:25:08.000,346.98,75.0,346.75,347.2,75.0
2025-10-01,09:25:09.000,347.55,225.0,347.0,348.1,150.0
2025-10-01,09:25:10.000,347.55,225.0,347.0,348.1,150.0
2025-10-01,09:25:11.000,348.3,75.0,347.85,348.75,1275.0
2025-10-01,09:25:12.000,348.3,75.0,347.85,348.75,1275.0
2025-10-01,09:25:13.000,348.45,75.0,348.15,348.75,750.0
2025-10-01,09:25:14.000,348.98,375.0,348.5,349.45,150.0
2025-10-01,09:25:15.000,348.98,375.0,348.5,349.45,150.0
2025-10-01,09:25:16.000,349.55,75.0,349.1,350.0,750.0
2025-10-01,09:25:17.000,349.55,75.0,349.1,350.0,750.0
2025-10-01,09:25:18.000,349.42,75.0,349.0,349.85,150.0
2025-10-01,09:25:19.000,349.58,75.0,349.15,350.0,975.0
2025-10-01,09:25:20.000,349.58,75.0,349.15,350.0,975.0
2025-10-01,09:25:21.000,349.4,75.0,349.0,349.8,150.0
2025-10-01,09:25:22.000,349.4,75.0,349.0,349.8,150.0
2025-10-01,09:25:23.000,348.65,825.0,348.1,349.2,375.0
2025-10-01,09:25:24.000,349.5,675.0,349.0,350.0,750.0
2025-10-01,09:25:25.000,349.5,675.0,349.0,350.0,750.0
2025-10-01,09:25:26.000,348.68,300.0,348.1,349.25,300.0
2025-10-01,09:25:27.000,348.68,300.0,348.1,349.25,300.0
2025-10-01,09:25:28.000,348.68,300.0,348.1,349.25,150.0
2025-10-01,09:25:29.000,348.83,300.0,348.3,349.35,150.0
2025-10-01,09:25:30.000,348.83,300.0,348.3,349.35,150.0
2025-10-01,09:25:31.000,347.98,75.0,347.45,348.5,225.0
2025-10-01,09:25:32.000,347.98,75.0,347.45,348.5,225.0
2025-10-01,09:25:33.000,348.22,300.0,347.75,348.7,150.0
2025-10-01,09:25:34.000,348.8,300.0,348.25,349.35,150.0
2025-10-01,09:25:35.000,348.8,300.0,348.25,349.35,150.0
2025-10-01,09:25:36.000,349.08,300.0,348.6,349.55,150.0
2025-10-01,09:25:37.000,349.08,300.0,348.6,349.55,150.0
2025-10-01,09:25:38.000,349.15,300.0,348.7,349.6,375.0
2025-10-01,09:25:39.000,350.6,75.0,349.8,351.4,150.0
2025-10-01,09:25:40.000,350.6,75.0,349.8,351.4,150.0
2025-10-01,09:25:41.000,351.12,150.0,350.4,351.85,225.0
2025-10-01,09:25:42.000,351.12,150.0,350.4,351.85,225.0
2025-10-01,09:25:43.000,350.95,300.0,350.45,351.45,225.0
2025-10-01,09:25:44.000,350.5,525.0,350.0,351.0,225.0
2025-10-01,09:25:45.000,350.5,525.0,350.0,351.0,225.0
2025-10-01,09:25:46.000,349.88,300.0,349.35,350.4,150.0
2025-10-01,09:25:47.000,349.88,300.0,349.35,350.4,150.0
2025-10-01,09:25:48.000,350.78,300.0,350.3,351.25,150.0
2025-10-01,09:25:49.000,351.17,1200.0,350.65,351.7,150.0
2025-10-01,09:25:50.000,351.17,1200.0,350.65,351.7,150.0
2025-10-01,09:25:51.000,351.02,1725.0,350.5,351.55,150.0
2025-10-01,09:25:52.000,351.02,1725.0,350.5,351.55,150.0
2025-10-01,09:25:53.000,350.25,1200.0,349.65,350.85,150.0
2025-10-01,09:25:54.000,350.45,1275.0,349.9,351.0,375.0
2025-10-01,09:25:55.000,350.45,1275.0,349.9,351.0,375.0
2025-10-01,09:25:56.000,350.15,2025.0,349.65,350.65,150.0
2025-10-01,09:25:57.000,350.15,2025.0,349.65,350.65,150.0
2025-10-01,09:25:58.000,349.38,1575.0,348.7,350.05,225.0
2025-10-01,09:25:59.000,348.8,1275.0,348.3,349.3,150.0
2025-10-01,09:26:00.000,348.8,1275.0,348.3,349.3,150.0
2025-10-01,09:26:01.000,348.7,1650.0,348.2,349.2,150.0
2025-10-01,09:26:02.000,348.7,1650.0,348.2,349.2,150.0
2025-10-01,09:26:03.000,348.7,1275.0,348.2,349.2,150.0
2025-10-01,09:26:04.000,348.7,300.0,348.15,349.25,375.0
2025-10-01,09:26:05.000,348.7,300.0,348.15,349.25,375.0
2025-10-01,09:26:06.000,347.4,1275.0,346.85,347.95,150.0
2025-10-01,09:26:07.000,347.4,1275.0,346.85,347.95,150.0
2025-10-01,09:26:08.000,347.05,1575.0,346.55,347.55,75.0
2025-10-01,09:26:09.000,347.0,1350.0,346.5,347.5,75.0
2025-10-01,09:26:10.000,347.0,1350.0,346.5,347.5,75.0
2025-10-01,09:26:11.000,346.65,1350.0,346.1,347.2,525.0
2025-10-01,09:26:12.000,346.65,1350.0,346.1,347.2,525.0
2025-10-01,09:26:13.000,346.35,1350.0,345.8,346.9,300.0
2025-10-01,09:26:14.000,345.05,450.0,344.5,345.6,225.0
2025-10-01,09:26:15.000,345.05,450.0,344.5,345.6,225.0
2025-10-01,09:26:16.000,344.9,1350.0,344.2,345.6,225.0
2025-10-01,09:26:17.000,344.9,1350.0,344.2,345.6,225.0
2025-10-01,09:26:18.000,344.85,75.0,344.3,345.4,225.0
2025-10-01,09:26:19.000,346.8,1125.0,346.1,347.5,75.0
2025-10-01,09:26:20.000,346.8,1125.0,346.1,347.5,75.0
2025-10-01,09:26:21.000,347.78,1650.0,347.25,348.3,450.0
2025-10-01,09:26:22.000,347.78,1650.0,347.25,348.3,450.0
2025-10-01,09:26:23.000,347.95,1350.0,347.4,348.5,225.0
2025-10-01,09:26:24.000,347.38,300.0,346.75,348.0,300.0
2025-10-01,09:26:25.000,347.38,300.0,346.75,348.0,300.0
2025-10-01,09:26:26.000,348.38,525.0,347.8,348.95,300.0
2025-10-01,09:26:27.000,348.38,525.0,347.8,348.95,300.0
2025-10-01,09:26:28.000,348.7,375.0,348.15,349.25,150.0
2025-10-01,09:26:29.000,347.78,1200.0,347.2,348.35,150.0
2025-10-01,09:26:30.000,347.78,1200.0,347.2,348.35,150.0
2025-10-01,09:26:31.000,348.25,1500.0,347.75,348.75,150.0
2025-10-01,09:26:32.000,348.25,1500.0,347.75,348.75,150.0
2025-10-01,09:26:33.000,348.62,1575.0,348.15,349.1,150.0
2025-10-01,09:26:34.000,347.8,1200.0,347.3,348.3,225.0
2025-10-01,09:26:35.000,347.8,1200.0,347.3,348.3,225.0
2025-10-01,09:26:36.000,347.9,1500.0,347.4,348.4,225.0
2025-10-01,09:26:37.000,347.9,1500.0,347.4,348.4,225.0
2025-10-01,09:26:38.000,348.45,150.0,348.0,348.9,150.0
2025-10-01,09:26:39.000,348.17,300.0,347.65,348.7,300.0
2025-10-01,09:26:40.000,348.17,300.0,347.65,348.7,300.0
2025-10-01,09:26:41.000,348.98,1200.0,348.5,349.45,150.0
2025-10-01,09:26:42.000,348.98,1200.0,348.5,349.45,150.0
2025-10-01,09:26:43.000,350.58,1200.0,350.05,351.1,150.0
2025-10-01,09:26:44.000,349.92,1200.0,349.45,350.4,150.0
2025-10-01,09:26:45.000,349.92,1200.0,349.45,350.4,150.0
2025-10-01,09:26:46.000,349.78,1050.0,349.3,350.25,150.0
2025-10-01,09:26:47.000,349.78,1050.0,349.3,350.25,150.0
2025-10-01,09:26:48.000,349.2,300.0,348.65,349.75,225.0
2025-10-01,09:26:49.000,349.98,300.0,349.3,350.65,225.0
2025-10-01,09:26:50.000,349.98,300.0,349.3,350.65,225.0
2025-10-01,09:26:51.000,351.02,1725.0,350.45,351.6,225.0
2025-10-01,09:26:52.000,351.02,1725.0,350.45,351.6,225.0
2025-10-01,09:26:53.000,350.45,675.0,349.9,351.0,225.0
2025-10-01,09:26:54.000,350.42,300.0,349.9,350.95,225.0
2025-10-01,09:26:55.000,350.42,300.0,349.9,350.95,225.0
2025-10-01,09:26:56.000,350.65,1875.0,350.15,351.15,75.0
2025-10-01,09:26:57.000,350.65,1875.0,350.15,351.15,75.0
2025-10-01,09:26:58.000,350.28,1500.0,349.7,350.85,300.0
2025-10-01,09:26:59.000,350.45,300.0,349.85,351.05,225.0
2025-10-01,09:27:00.000,350.45,300.0,349.85,351.05,225.0
2025-10-01,09:27:01.000,350.92,1500.0,350.35,351.5,225.0
2025-10-01,09:27:02.000,350.92,1500.0,350.35,351.5,225.0
2025-10-01,09:27:03.000,350.55,1725.0,350.0,351.1,300.0
2025-10-01,09:27:04.000,350.38,1575.0,349.8,350.95,75.0
2025-10-01,09:27:05.000,350.38,1575.0,349.8,350.95,75.0
2025-10-01,09:27:06.000,349.6,150.0,349.0,350.2,300.0
2025-10-01,09:27:07.000,349.6,150.0,349.0,350.2,300.0
2025-10-01,09:27:08.000,350.38,150.0,349.85,350.9,375.0
2025-10-01,09:27:09.000,350.55,375.0,350.05,351.05,225.0
2025-10-01,09:27:10.000,350.55,375.0,350.05,351.05,225.0
2025-10-01,09:27:11.000,351.12,750.0,350.55,351.7,375.0
2025-10-01,09:27:12.000,351.12,750.0,350.55,351.7,375.0
2025-10-01,09:27:13.000,350.75,375.0,350.15,351.35,300.0
2025-10-01,09:27:14.000,350.12,750.0,349.5,350.75,225.0
2025-10-01,09:27:15.000,350.12,750.0,349.5,350.75,225.0
2025-10-01,09:27:16.000,351.1,375.0,350.5,351.7,750.0
2025-10-01,09:27:17.000,351.1,375.0,350.5,351.7,750.0
2025-10-01,09:27:18.000,351.15,375.0,350.6,351.7,450.0
2025-10-01,09:27:19.000,350.02,375.0,349.45,350.6,300.0
2025-10-01,09:27:20.000,350.02,375.0,349.45,350.6,300.0
2025-10-01,09:27:21.000,350.38,600.0,349.8,350.95,375.0
2025-10-01,09:27:22.000,350.38,600.0,349.8,350.95,375.0
2025-10-01,09:27:23.000,350.1,600.0,349.5,350.7,600.0
2025-10-01,09:27:24.000,349.58,600.0,349.0,350.15,300.0
2025-10-01,09:27:25.000,349.58,600.0,349.0,350.15,300.0
2025-10-01,09:27:26.000,348.95,150.0,348.35,349.55,300.0
2025-10-01,09:27:27.000,348.95,150.0,348.35,349.55,300.0
2025-10-01,09:27:28.000,350.3,450.0,349.8,350.8,300.0
2025-10-01,09:27:29.000,351.08,150.0,350.6,351.55,225.0
2025-10-01,09:27:30.000,351.08,150.0,350.6,351.55,225.0
2025-10-01,09:27:31.000,352.62,600.0,352.05,353.2,150.0
2025-10-01,09:27:32.000,352.62,600.0,352.05,353.2,150.0
2025-10-01,09:27:33.000,352.12,525.0,351.65,352.6,225.0
2025-10-01,09:27:34.000,352.12,525.0,351.65,352.6,225.0
2025-10-01,09:27:35.000,351.65,300.0,351.15,352.15,150.0
2025-10-01,09:27:36.000,351.8,300.0,351.6,352.0,75.0
2025-10-01,09:27:37.000,351.8,300.0,351.6,352.0,75.0
2025-10-01,09:27:38.000,351.38,300.0,350.95,351.8,75.0
2025-10-01,09:27:39.000,351.38,300.0,350.95,351.8,75.0
2025-10-01,09:27:40.000,351.25,225.0,350.75,351.75,300.0
2025-10-01,09:27:41.000,350.42,300.0,349.9,350.95,225.0
2025-10-01,09:27:42.000,350.42,300.0,349.9,350.95,225.0
2025-10-01,09:27:43.000,350.3,300.0,349.75,350.85,450.0
2025-10-01,09:27:44.000,350.9,150.0,350.35,351.45,150.0
2025-10-01,09:27:45.000,350.9,150.0,350.35,351.45,150.0
2025-10-01,09:27:46.000,350.32,300.0,349.75,350.9,525.0
2025-10-01,09:27:47.000,350.32,300.0,349.75,350.9,525.0
2025-10-01,09:27:48.000,350.65,225.0,350.1,351.2,225.0
2025-10-01,09:27:49.000,350.83,225.0,350.3,351.35,300.0
2025-10-01,09:27:50.000,350.83,225.0,350.3,351.35,300.0
2025-10-01,09:27:51.000,351.0,300.0,350.5,351.5,150.0
2025-10-01,09:27:52.000,351.0,300.0,350.5,351.5,150.0
2025-10-01,09:27:53.000,350.55,225.0,350.05,351.05,150.0
2025-10-01,09:27:54.000,350.75,300.0,350.2,351.3,375.0
2025-10-01,09:27:55.000,350.75,300.0,350.2,351.3,375.0
2025-10-01,09:27:56.000,350.28,300.0,349.75,350.8,150.0
2025-10-01,09:27:57.000,350.28,300.0,349.75,350.8,150.0
2025-10-01,09:27:58.000,349.9,225.0,349.4,350.4,225.0
2025-10-01,09:27:59.000,349.9,225.0,349.4,350.4,150.0
2025-10-01,09:28:00.000,349.9,225.0,349.4,350.4,150.0
2025-10-01,09:28:01.000,350.83,300.0,350.3,351.35,225.0
2025-10-01,09:28:02.000,350.83,300.0,350.3,351.35,225.0
2025-10-01,09:28:03.000,351.3,300.0,350.8,351.8,150.0
2025-10-01,09:28:04.000,351.2,450.0,350.75,351.65,150.0
2025-10-01,09:28:05.000,351.2,450.0,350.75,351.65,150.0
2025-10-01,09:28:06.000,351.28,300.0,350.8,351.75,375.0
2025-10-01,09:28:07.000,351.28,300.0,350.8,351.75,375.0
2025-10-01,09:28:08.000,351.9,225.0,351.35,352.45,225.0
2025-10-01,09:28:09.000,351.65,600.0,351.2,352.1,225.0
2025-10-01,09:28:10.000,351.65,600.0,351.2,352.1,225.0
2025-10-01,09:28:11.000,352.48,150.0,352.05,352.9,150.0
2025-10-01,09:28:12.000,352.48,150.0,352.05,352.9,150.0
2025-10-01,09:28:13.000,352.3,225.0,351.85,352.75,150.0
2025-10-01,09:28:14.000,352.0,150.0,351.55,352.45,150.0
2025-10-01,09:28:15.000,352.0,150.0,351.55,352.45,150.0
2025-10-01,09:28:16.000,351.48,150.0,351.0,351.95,300.0
2025-10-01,09:28:17.000,351.48,150.0,351.0,351.95,300.0
2025-10-01,09:28:18.000,352.2,525.0,351.65,352.75,150.0
2025-10-01,09:28:19.000,351.48,525.0,350.9,352.05,225.0
2025-10-01,09:28:20.000,351.48,525.0,350.9,352.05,225.0
2025-10-01,09:28:21.000,351.0,225.0,350.5,351.5,150.0
2025-10-01,09:28:22.000,351.0,225.0,350.5,351.5,150.0
2025-10-01,09:28:23.000,351.58,225.0,351.05,352.1,150.0
2025-10-01,09:28:24.000,352.65,300.0,352.1,353.2,150.0
2025-10-01,09:28:25.000,352.65,300.0,352.1,353.2,150.0
2025-10-01,09:28:26.000,352.62,225.0,352.2,353.05,150.0
2025-10-01,09:28:27.000,352.62,225.0,352.2,353.05,150.0
2025-10-01,09:28:28.000,353.02,450.0,352.55,353.5,150.0
2025-10-01,09:28:29.000,352.92,600.0,352.4,353.45,150.0
2025-10-01,09:28:30.000,352.92,600.0,352.4,353.45,150.0
2025-10-01,09:28:31.000,354.17,225.0,353.7,354.65,150.0
2025-10-01,09:28:32.000,354.17,225.0,353.7,354.65,150.0
2025-10-01,09:28:33.000,353.25,600.0,352.8,353.7,150.0
2025-10-01,09:28:34.000,353.6,375.0,353.15,354.05,150.0
2025-10-01,09:28:35.000,353.6,375.0,353.15,354.05,150.0
2025-10-01,09:28:36.000,354.0,300.0,353.5,354.5,225.0
2025-10-01,09:28:37.000,354.0,300.0,353.5,354.5,225.0
2025-10-01,09:28:38.000,354.08,450.0,353.55,354.6,150.0
2025-10-01,09:28:39.000,353.58,675.0,353.05,354.1,150.0
2025-10-01,09:28:40.000,353.58,675.0,353.05,354.1,150.0
2025-10-01,09:28:41.000,353.62,300.0,353.1,354.15,225.0
2025-10-01,09:28:42.000,353.62,300.0,353.1,354.15,225.0
2025-10-01,09:28:43.000,353.12,450.0,352.45,353.8,300.0
2025-10-01,09:28:44.000,353.65,375.0,353.15,354.15,225.0
2025-10-01,09:28:45.000,353.65,375.0,353.15,354.15,225.0
2025-10-01,09:28:46.000,353.7,225.0,353.2,354.2,150.0
2025-10-01,09:28:47.000,353.7,225.0,353.2,354.2,150.0
2025-10-01,09:28:48.000,353.85,300.0,353.35,354.35,150.0
2025-10-01,09:28:49.000,353.15,300.0,352.7,353.6,150.0
2025-10-01,09:28:50.000,353.15,300.0,352.7,353.6,150.0
2025-10-01,09:28:51.000,352.75,300.0,352.25,353.25,225.0
2025-10-01,09:28:52.000,352.75,300.0,352.25,353.25,225.0
2025-10-01,09:28:53.000,352.52,300.0,352.05,353.0,225.0
2025-10-01,09:28:54.000,353.42,300.0,352.95,353.9,225.0
2025-10-01,09:28:55.000,353.42,300.0,352.95,353.9,225.0
2025-10-01,09:28:56.000,353.02,375.0,352.55,353.5,150.0
2025-10-01,09:28:57.000,353.02,375.0,352.55,353.5,150.0
2025-10-01,09:28:58.000,353.12,150.0,352.7,353.55,150.0
2025-10-01,09:28:59.000,352.4,600.0,352.0,352.8,150.0
2025-10-01,09:29:00.000,352.4,600.0,352.0,352.8,150.0
2025-10-01,09:29:01.000,352.8,300.0,352.35,353.25,450.0
2025-10-01,09:29:02.000,352.8,300.0,352.35,353.25,450.0
2025-10-01,09:29:03.000,352.12,300.0,351.65,352.6,225.0
2025-10-01,09:29:04.000,352.83,375.0,352.35,353.3,375.0
2025-10-01,09:29:05.000,352.83,375.0,352.35,353.3,375.0
2025-10-01,09:29:06.000,352.88,300.0,352.4,353.35,225.0
2025-10-01,09:29:07.000,352.88,300.0,352.4,353.35,225.0
2025-10-01,09:29:08.000,352.88,375.0,352.4,353.35,375.0
2025-10-01,09:29:09.000,352.6,375.0,352.15,353.05,150.0
2025-10-01,09:29:10.000,352.6,375.0,352.15,353.05,150.0
2025-10-01,09:29:11.000,352.4,150.0,351.85,352.95,75.0
2025-10-01,09:29:12.000,352.4,150.0,351.85,352.95,75.0
2025-10-01,09:29:13.000,352.55,150.0,352.0,353.1,375.0
2025-10-01,09:29:14.000,352.62,150.0,352.1,353.15,150.0
2025-10-01,09:29:15.000,352.62,150.0,352.1,353.15,150.0
2025-10-01,09:29:16.000,351.58,225.0,351.05,352.1,150.0
2025-10-01,09:29:17.000,351.58,225.0,351.05,352.1,150.0
2025-10-01,09:29:18.000,351.3,150.0,350.75,351.85,225.0
2025-10-01,09:29:19.000,351.67,225.0,351.2,352.15,375.0
2025-10-01,09:29:20.000,351.67,225.0,351.2,352.15,375.0
2025-10-01,09:29:21.000,352.8,150.0,352.35,353.25,75.0
2025-10-01,09:29:22.000,352.8,150.0,352.35,353.25,75.0
2025-10-01,09:29:23.000,354.28,150.0,353.5,355.05,225.0
2025-10-01,09:29:24.000,353.85,450.0,353.1,354.6,225.0
2025-10-01,09:29:25.000,353.85,450.0,353.1,354.6,225.0
2025-10-01,09:29:26.000,354.72,300.0,354.15,355.3,150.0
2025-10-01,09:29:27.000,354.72,300.0,354.15,355.3,150.0
2025-10-01,09:29:28.000,353.48,225.0,353.0,353.95,150.0
2025-10-01,09:29:29.000,353.83,450.0,353.3,354.35,150.0
2025-10-01,09:29:30.000,353.83,450.0,353.3,354.35,150.0
2025-10-01,09:29:31.000,354.12,150.0,353.6,354.65,150.0
2025-10-01,09:29:32.000,354.12,150.0,353.6,354.65,150.0
2025-10-01,09:29:33.000,354.08,150.0,353.55,354.6,375.0
2025-10-01,09:29:34.000,353.8,225.0,353.25,354.35,150.0
2025-10-01,09:29:35.000,353.8,225.0,353.25,354.35,150.0
2025-10-01,09:29:36.000,353.98,225.0,353.45,354.5,150.0
2025-10-01,09:29:37.000,353.98,225.0,353.45,354.5,150.0
2025-10-01,09:29:38.000,354.33,450.0,353.8,354.85,300.0
2025-10-01,09:29:39.000,355.1,300.0,354.6,355.6,150.0
2025-10-01,09:29:40.000,355.1,300.0,354.6,355.6,150.0
2025-10-01,09:29:41.000,355.08,150.0,354.6,355.55,375.0
2025-10-01,09:29:42.000,355.08,150.0,354.6,355.55,375.0
2025-10-01,09:29:43.000,354.35,150.0,353.9,354.8,225.0
2025-10-01,09:29:44.000,354.62,150.0,354.15,355.1,225.0
2025-10-01,09:29:45.000,354.62,150.0,354.15,355.1,225.0
2025-10-01,09:29:46.000,354.55,300.0,354.0,355.1,525.0
2025-10-01,09:29:47.000,354.55,300.0,354.0,355.1,525.0
2025-10-01,09:29:48.000,354.35,675.0,353.8,354.9,150.0
2025-10-01,09:29:49.000,354.35,675.0,353.8,354.9,150.0
2025-10-01,09:29:50.000,353.15,75.0,352.75,353.55,375.0
2025-10-01,09:29:51.000,353.25,75.0,352.75,353.75,150.0
2025-10-01,09:29:52.000,353.25,75.0,352.75,353.75,150.0
2025-10-01,09:29:53.000,353.65,600.0,353.1,354.2,225.0
2025-10-01,09:29:54.000,353.65,600.0,353.1,354.2,225.0
2025-10-01,09:29:55.000,354.42,450.0,353.85,355.0,150.0
2025-10-01,09:29:56.000,354.55,675.0,354.05,355.05,300.0
2025-10-01,09:29:57.000,354.55,675.0,354.05,355.05,300.0
2025-10-01,09:29:58.000,355.12,150.0,354.65,355.6,300.0
2025-10-01,09:29:59.000,355.12,150.0,354.65,355.6,300.0
2025-10-01,09:30:00.000,354.52,300.0,354.05,355.0,450.0
2025-10-01,09:30:01.000,354.25,300.0,353.75,354.75,225.0
2025-10-01,09:30:02.000,354.25,300.0,353.75,354.75,225.0
2025-10-01,09:30:03.000,354.62,225.0,354.25,355.0,75.0
2025-10-01,09:30:04.000,354.62,225.0,354.25,355.0,75.0
2025-10-01,09:30:05.000,354.83,300.0,354.3,355.35,600.0
2025-10-01,09:30:06.000,355.35,300.0,354.85,355.85,225.0
2025-10-01,09:30:07.000,355.35,300.0,354.85,355.85,225.0
2025-10-01,09:30:08.000,355.92,150.0,355.45,356.4,300.0
2025-10-01,09:30:09.000,355.92,150.0,355.45,356.4,300.0
2025-10-01,09:30:10.000,355.48,525.0,355.1,355.85,450.0
2025-10-01,09:30:11.000,355.35,675.0,354.75,355.95,150.0
2025-10-01,09:30:12.000,355.35,675.0,354.75,355.95,150.0
2025-10-01,09:30:13.000,354.17,150.0,353.65,354.7,225.0
2025-10-01,09:30:14.000,354.17,150.0,353.65,354.7,225.0
2025-10-01,09:30:15.000,352.95,75.0,352.1,353.8,375.0
2025-10-01,09:30:16.000,353.0,75.0,352.45,353.55,600.0
2025-10-01,09:30:17.000,353.0,75.0,352.45,353.55,600.0
2025-10-01,09:30:18.000,353.6,75.0,353.15,354.05,450.0
2025-10-01,09:30:19.000,353.6,75.0,353.15,354.05,450.0
2025-10-01,09:30:20.000,353.1,300.0,352.55,353.65,675.0
2025-10-01,09:30:21.000,352.62,150.0,352.0,353.25,150.0
2025-10-01,09:30:22.000,352.62,150.0,352.0,353.25,150.0
2025-10-01,09:30:23.000,352.92,150.0,352.2,353.65,225.0
2025-10-01,09:30:24.000,352.92,150.0,352.2,353.65,225.0
2025-10-01,09:30:25.000,352.3,300.0,351.8,352.8,225.0
2025-10-01,09:30:26.000,352.7,300.0,352.25,353.15,600.0
2025-10-01,09:30:27.000,352.7,300.0,352.25,353.15,600.0
2025-10-01,09:30:28.000,351.7,300.0,351.3,352.1,75.0
2025-10-01,09:30:29.000,351.7,300.0,351.3,352.1,75.0
2025-10-01,09:30:30.000,351.52,300.0,351.1,351.95,375.0
2025-10-01,09:30:31.000,352.45,225.0,351.95,352.95,150.0
2025-10-01,09:30:32.000,352.45,225.0,351.95,352.95,150.0
2025-10-01,09:30:33.000,352.2,150.0,351.6,352.8,300.0
2025-10-01,09:30:34.000,352.2,150.0,351.6,352.8,300.0
2025-10-01,09:30:35.000,353.05,375.0,352.5,353.6,225.0
2025-10-01,09:30:36.000,353.45,300.0,353.0,353.9,225.0
2025-10-01,09:30:37.000,353.45,300.0,353.0,353.9,225.0
2025-10-01,09:30:38.000,353.78,150.0,353.25,354.3,150.0
2025-10-01,09:30:39.000,353.78,150.0,353.25,354.3,150.0
2025-10-01,09:30:40.000,353.9,300.0,353.5,354.3,150.0
2025-10-01,09:30:41.000,355.4,225.0,354.8,356.0,300.0
2025-10-01,09:30:42.000,355.4,225.0,354.8,356.0,300.0
2025-10-01,09:30:43.000,355.58,300.0,355.15,356.0,150.0
2025-10-01,09:30:44.000,355.58,300.0,355.15,356.0,150.0
2025-10-01,09:30:45.000,354.92,225.0,354.2,355.65,375.0
2025-10-01,09:30:46.000,355.48,150.0,355.0,355.95,450.0
2025-10-01,09:30:47.000,355.48,150.0,355.0,355.95,450.0
2025-10-01,09:30:48.000,356.42,150.0,355.85,357.0,150.0
2025-10-01,09:30:49.000,356.42,150.0,355.85,357.0,150.0
2025-10-01,09:30:50.000,356.92,150.0,356.45,357.4,225.0
2025-10-01,09:30:51.000,355.82,600.0,355.15,356.5,375.0
2025-10-01,09:30:52.000,355.82,600.0,355.15,356.5,375.0
2025-10-01,09:30:53.000,355.8,225.0,355.25,356.35,150.0
2025-10-01,09:30:54.000,355.8,225.0,355.25,356.35,150.0
2025-10-01,09:30:55.000,355.95,150.0,355.5,356.4,450.0
2025-10-01,09:30:56.000,356.12,225.0,355.55,356.7,150.0
2025-10-01,09:30:57.000,356.12,225.0,355.55,356.7,150.0
2025-10-01,09:30:58.000,355.85,150.0,355.4,356.3,450.0
2025-10-01,09:30:59.000,355.85,150.0,355.4,356.3,450.0
2025-10-01,09:31:00.000,355.7,300.0,355.05,356.35,225.0
2025-10-01,09:31:01.000,355.72,225.0,355.2,356.25,225.0
2025-10-01,09:31:02.000,355.72,225.0,355.2,356.25,225.0
2025-10-01,09:31:03.000,356.62,150.0,356.05,357.2,75.0
2025-10-01,09:31:04.000,356.62,150.0,356.05,357.2,75.0
2025-10-01,09:31:05.000,356.72,75.0,356.3,357.15,225.0
2025-10-01,09:31:06.000,356.65,75.0,356.25,357.05,150.0
2025-10-01,09:31:07.000,356.65,75.0,356.25,357.05,150.0
2025-10-01,09:31:08.000,356.05,375.0,355.5,356.6,225.0
2025-10-01,09:31:09.000,356.05,375.0,355.5,356.6,225.0
2025-10-01,09:31:10.000,355.1,75.0,354.45,355.75,300.0
2025-10-01,09:31:11.000,354.85,75.0,354.5,355.2,450.0
2025-10-01,09:31:12.000,354.85,75.0,354.5,355.2,450.0
2025-10-01,09:31:13.000,355.67,75.0,355.15,356.2,450.0
2025-10-01,09:31:14.000,355.67,75.0,355.15,356.2,450.0
2025-10-01,09:31:15.000,356.15,75.0,355.75,356.55,225.0
2025-10-01,09:31:16.000,355.98,375.0,355.5,356.45,150.0
2025-10-01,09:31:17.000,355.98,375.0,355.5,356.45,150.0
2025-10-01,09:31:18.000,355.52,75.0,355.05,356.0,375.0
2025-10-01,09:31:19.000,355.52,75.0,355.05,356.0,375.0
2025-10-01,09:31:20.000,356.15,75.0,355.65,356.65,375.0
2025-10-01,09:31:21.000,355.75,75.0,355.25,356.25,375.0
2025-10-01,09:31:22.000,355.75,75.0,355.25,356.25,375.0
2025-10-01,09:31:23.000,355.75,75.0,355.35,356.15,75.0
2025-10-01,09:31:24.000,355.75,75.0,355.35,356.15,75.0
2025-10-01,09:31:25.000,355.92,75.0,355.5,356.35,150.0
2025-10-01,09:31:26.000,355.9,75.0,355.4,356.4,375.0
2025-10-01,09:31:27.000,355.9,75.0,355.4,356.4,375.0
2025-10-01,09:31:28.000,354.58,75.0,354.1,355.05,75.0
2025-10-01,09:31:29.000,354.58,75.0,354.1,355.05,75.0
2025-10-01,09:31:30.000,354.67,75.0,354.15,355.2,375.0
2025-10-01,09:31:31.000,354.42,150.0,354.0,354.85,375.0
2025-10-01,09:31:32.000,354.42,150.0,354.0,354.85,375.0
2025-10-01,09:31:33.000,354.32,225.0,353.9,354.75,300.0
2025-10-01,09:31:34.000,354.83,75.0,354.3,355.35,450.0
2025-10-01,09:31:35.000,354.83,75.0,354.3,355.35,450.0
2025-10-01,09:31:36.000,355.4,225.0,354.9,355.9,75.0
2025-10-01,09:31:37.000,355.4,225.0,354.9,355.9,75.0
2025-10-01,09:31:38.000,355.95,225.0,355.5,356.4,225.0
2025-10-01,09:31:39.000,355.28,225.0,354.75,355.8,225.0
2025-10-01,09:31:40.000,355.28,225.0,354.75,355.8,225.0
2025-10-01,09:31:41.000,355.75,75.0,355.25,356.25,225.0
2025-10-01,09:31:42.000,355.75,75.0,355.25,356.25,225.0
2025-10-01,09:31:43.000,356.0,150.0,355.45,356.55,225.0
2025-10-01,09:31:44.000,356.38,75.0,355.9,356.85,300.0
2025-10-01,09:31:45.000,356.38,75.0,355.9,356.85,300.0
2025-10-01,09:31:46.000,356.02,75.0,355.55,356.5,75.0
2025-10-01,09:31:47.000,356.02,75.0,355.55,356.5,75.0
2025-10-01,09:31:48.000,355.18,75.0,355.0,355.35,150.0
2025-10-01,09:31:49.000,355.32,75.0,355.0,355.65,225.0
2025-10-01,09:31:50.000,355.32,75.0,355.0,355.65,225.0
2025-10-01,09:31:51.000,355.38,75.0,355.0,355.75,300.0
2025-10-01,09:31:52.000,355.38,75.0,355.0,355.75,300.0
2025-10-01,09:31:53.000,355.62,75.0,355.15,356.1,225.0
2025-10-01,09:31:54.000,355.82,75.0,355.4,356.25,225.0
2025-10-01,09:31:55.000,355.82,75.0,355.4,356.25,225.0
2025-10-01,09:31:56.000,353.95,150.0,353.4,354.5,150.0
2025-10-01,09:31:57.000,353.95,150.0,353.4,354.5,150.0
2025-10-01,09:31:58.000,353.22,75.0,352.75,353.7,225.0
2025-10-01,09:31:59.000,352.72,300.0,352.2,353.25,150.0
2025-10-01,09:32:00.000,352.72,300.0,352.2,353.25,150.0
2025-10-01,09:32:01.000,353.58,225.0,353.0,354.15,375.0
2025-10-01,09:32:02.000,353.58,225.0,353.0,354.15,375.0
2025-10-01,09:32:03.000,353.8,225.0,353.3,354.3,150.0
2025-10-01,09:32:04.000,353.8,225.0,353.3,354.3,150.0
2025-10-01,09:32:05.000,354.05,75.0,353.6,354.5,225.0
2025-10-01,09:32:06.000,354.2,300.0,353.75,354.65,375.0
2025-10-01,09:32:07.000,354.2,300.0,353.75,354.65,375.0
2025-10-01,09:32:08.000,353.65,450.0,353.2,354.1,225.0
2025-10-01,09:32:09.000,353.65,450.0,353.2,354.1,225.0
2025-10-01,09:32:10.000,353.28,225.0,352.75,353.8,225.0
2025-10-01,09:32:11.000,353.22,75.0,352.75,353.7,375.0
2025-10-01,09:32:12.000,353.22,75.0,352.75,353.7,375.0
2025-10-01,09:32:13.000,353.75,75.0,353.35,354.15,150.0
2025-10-01,09:32:14.000,353.32,75.0,352.9,353.75,300.0
2025-10-01,09:32:15.000,353.32,75.0,352.9,353.75,300.0
2025-10-01,09:32:16.000,353.2,75.0,352.75,353.65,825.0
2025-10-01,09:32:17.000,353.2,75.0,352.75,353.65,825.0
2025-10-01,09:32:18.000,353.15,75.0,352.7,353.6,375.0
2025-10-01,09:32:19.000,352.88,75.0,352.4,353.35,450.0
2025-10-01,09:32:20.000,352.88,75.0,352.4,353.35,450.0
2025-10-01,09:32:21.000,353.5,75.0,353.1,353.9,150.0
2025-10-01,09:32:22.000,353.5,75.0,353.1,353.9,150.0
2025-10-01,09:32:23.000,353.38,225.0,353.0,353.75,375.0
2025-10-01,09:32:24.000,352.58,150.0,352.1,353.05,150.0
2025-10-01,09:32:25.000,352.58,150.0,352.1,353.05,150.0
2025-10-01,09:32:26.000,352.52,375.0,352.15,352.9,150.0
2025-10-01,09:32:27.000,352.52,375.0,352.15,352.9,150.0
2025-10-01,09:32:28.000,353.05,225.0,352.5,353.6,375.0
2025-10-01,09:32:29.000,353.05,75.0,352.9,353.2,225.0
2025-10-01,09:32:30.000,353.05,75.0,352.9,353.2,225.0
2025-10-01,09:32:31.000,353.12,75.0,352.9,353.35,450.0
2025-10-01,09:32:32.000,353.25,75.0,352.85,353.65,225.0
2025-10-01,09:32:33.000,353.25,75.0,352.85,353.65,225.0
2025-10-01,09:32:34.000,353.48,150.0,353.0,353.95,225.0
2025-10-01,09:32:35.000,353.48,150.0,353.0,353.95,225.0
2025-10-01,09:32:36.000,353.52,300.0,353.05,354.0,300.0
2025-10-01,09:32:37.000,352.95,150.0,352.55,353.35,150.0
2025-10-01,09:32:38.000,352.95,150.0,352.55,353.35,150.0
2025-10-01,09:32:39.000,352.8,300.0,352.5,353.1,600.0
2025-10-01,09:32:40.000,352.8,300.0,352.5,353.1,600.0
2025-10-01,09:32:41.000,352.58,75.0,352.2,352.95,150.0
2025-10-01,09:32:42.000,352.8,225.0,352.4,353.2,150.0
2025-10-01,09:32:43.000,352.8,225.0,352.4,353.2,150.0
2025-10-01,09:32:44.000,352.9,150.0,352.5,353.3,375.0
2025-10-01,09:32:45.000,352.9,150.0,352.5,353.3,375.0
2025-10-01,09:32:46.000,353.12,225.0,352.6,353.65,375.0
2025-10-01,09:32:47.000,353.08,150.0,352.65,353.5,375.0
2025-10-01,09:32:48.000,353.08,150.0,352.65,353.5,375.0
2025-10-01,09:32:49.000,352.52,150.0,352.05,353.0,300.0
2025-10-01,09:32:50.000,352.75,225.0,352.25,353.25,225.0
2025-10-01,09:32:51.000,352.75,225.0,352.25,353.25,225.0
2025-10-01,09:32:52.000,351.67,75.0,351.2,352.15,375.0
2025-10-01,09:32:53.000,351.67,75.0,351.2,352.15,375.0
2025-10-01,09:32:54.000,351.68,75.0,351.3,352.05,450.0
2025-10-01,09:32:55.000,351.52,225.0,351.05,352.0,375.0
2025-10-01,09:32:56.000,351.52,225.0,351.05,352.0,375.0
2025-10-01,09:32:57.000,351.9,75.0,351.45,352.35,450.0
2025-10-01,09:32:58.000,351.9,75.0,351.45,352.35,450.0
2025-10-01,09:32:59.000,353.0,75.0,352.6,353.4,375.0
2025-10-01,09:33:00.000,353.55,150.0,353.15,353.95,450.0
2025-10-01,09:33:01.000,353.55,150.0,353.15,353.95,450.0
2025-10-01,09:33:02.000,353.8,375.0,353.3,354.3,300.0
2025-10-01,09:33:03.000,353.8,375.0,353.3,354.3,300.0
2025-10-01,09:33:04.000,354.12,300.0,353.65,354.6,225.0
2025-10-01,09:33:05.000,354.0,825.0,353.45,354.55,525.0
2025-10-01,09:33:06.000,354.0,825.0,353.45,354.55,525.0
2025-10-01,09:33:07.000,354.85,225.0,354.35,355.35,300.0
2025-10-01,09:33:08.000,354.85,225.0,354.35,355.35,300.0
2025-10-01,09:33:09.000,354.68,75.0,354.25,355.1,225.0
2025-10-01,09:33:10.000,355.7,600.0,355.25,356.15,75.0
2025-10-01,09:33:11.000,355.7,600.0,355.25,356.15,75.0
2025-10-01,09:33:12.000,355.12,75.0,354.7,355.55,75.0
2025-10-01,09:33:13.000,355.12,75.0,354.7,355.55,75.0
2025-10-01,09:33:14.000,354.78,75.0,354.4,355.15,675.0
2025-10-01,09:33:15.000,355.9,75.0,355.5,356.3,75.0
2025-10-01,09:33:16.000,355.9,75.0,355.5,356.3,75.0
2025-10-01,09:33:17.000,355.08,225.0,354.45,355.7,300.0
2025-10-01,09:33:18.000,355.08,225.0,354.45,355.7,300.0
2025-10-01,09:33:19.000,355.35,75.0,354.8,355.9,75.0
2025-10-01,09:33:20.000,355.52,75.0,355.15,355.9,450.0
2025-10-01,09:33:21.000,355.52,75.0,355.15,355.9,450.0
2025-10-01,09:33:22.000,355.65,300.0,355.0,356.3,225.0
2025-10-01,09:33:23.000,355.65,300.0,355.0,356.3,225.0
2025-10-01,09:33:24.000,355.98,75.0,355.55,356.4,375.0
2025-10-01,09:33:25.000,355.98,75.0,355.55,356.4,150.0
2025-10-01,09:33:26.000,355.98,75.0,355.55,356.4,150.0
2025-10-01,09:33:27.000,356.5,75.0,356.1,356.9,375.0
2025-10-01,09:33:28.000,356.5,75.0,356.1,356.9,375.0
2025-10-01,09:33:29.000,357.25,75.0,356.85,357.65,225.0
2025-10-01,09:33:30.000,357.62,75.0,356.85,358.4,150.0
2025-10-01,09:33:31.000,357.62,75.0,356.85,358.4,150.0
2025-10-01,09:33:32.000,357.22,225.0,356.5,357.95,300.0
2025-10-01,09:33:33.000,356.65,75.0,356.1,357.2,450.0
2025-10-01,09:33:34.000,356.65,75.0,356.1,357.2,450.0
2025-10-01,09:33:35.000,356.3,300.0,355.75,356.85,375.0
2025-10-01,09:33:36.000,356.3,300.0,355.75,356.85,375.0
2025-10-01,09:33:37.000,356.98,75.0,356.5,357.45,225.0
2025-10-01,09:33:38.000,356.8,75.0,356.35,357.25,225.0
2025-10-01,09:33:39.000,356.8,75.0,356.35,357.25,225.0
2025-10-01,09:33:40.000,355.15,75.0,354.75,355.55,225.0
2025-10-01,09:33:41.000,355.15,75.0,354.75,355.55,225.0
2025-10-01,09:33:42.000,355.42,150.0,355.0,355.85,375.0
2025-10-01,09:33:43.000,356.1,75.0,355.55,356.65,225.0
2025-10-01,09:33:44.000,356.1,75.0,355.55,356.65,225.0
2025-10-01,09:33:45.000,356.48,225.0,356.0,356.95,450.0
2025-10-01,09:33:46.000,356.48,225.0,356.0,356.95,450.0
2025-10-01,09:33:47.000,355.62,150.0,355.0,356.25,450.0
2025-10-01,09:33:48.000,355.68,75.0,355.25,356.1,450.0
2025-10-01,09:33:49.000,355.68,75.0,355.25,356.1,450.0
2025-10-01,09:33:50.000,355.78,75.0,355.35,356.2,450.0
2025-10-01,09:33:51.000,355.78,75.0,355.35,356.2,450.0
2025-10-01,09:33:52.000,356.35,75.0,355.85,356.85,675.0
2025-10-01,09:33:53.000,355.85,225.0,355.5,356.2,75.0
2025-10-01,09:33:54.000,355.85,225.0,355.5,356.2,75.0
2025-10-01,09:33:55.000,356.62,225.0,356.05,357.2,600.0
2025-10-01,09:33:56.000,356.62,225.0,356.05,357.2,600.0
2025-10-01,09:33:57.000,356.48,225.0,356.0,356.95,300.0
2025-10-01,09:33:58.000,356.48,225.0,356.0,356.95,75.0
2025-10-01,09:33:59.000,356.48,225.0,356.0,356.95,75.0
2025-10-01,09:34:00.000,356.75,375.0,356.1,357.4,450.0
2025-10-01,09:34:01.000,356.75,375.0,356.1,357.4,450.0
2025-10-01,09:34:02.000,356.98,75.0,356.45,357.5,75.0
2025-10-01,09:34:03.000,356.98,375.0,356.4,357.55,300.0
2025-10-01,09:34:04.000,356.98,375.0,356.4,357.55,300.0
2025-10-01,09:34:05.000,356.98,75.0,356.5,357.45,75.0
2025-10-01,09:34:06.000,356.98,75.0,356.5,357.45,75.0
2025-10-01,09:34:07.000,357.12,300.0,356.6,357.65,75.0
2025-10-01,09:34:08.000,356.85,600.0,356.3,357.4,75.0
2025-10-01,09:34:09.000,356.85,600.0,356.3,357.4,75.0
2025-10-01,09:34:10.000,357.42,225.0,357.0,357.85,225.0
2025-10-01,09:34:11.000,357.42,225.0,357.0,357.85,225.0
2025-10-01,09:34:12.000,357.67,75.0,357.2,358.15,300.0
2025-10-01,09:34:13.000,357.42,525.0,356.9,357.95,225.0
2025-10-01,09:34:14.000,357.42,525.0,356.9,357.95,225.0
2025-10-01,09:34:15.000,357.65,75.0,357.2,358.1,75.0
2025-10-01,09:34:16.000,357.65,75.0,357.2,358.1,75.0
2025-10-01,09:34:17.000,357.83,75.0,357.3,358.35,75.0
2025-10-01,09:34:18.000,357.78,300.0,357.3,358.25,75.0
2025-10-01,09:34:19.000,357.78,300.0,357.3,358.25,75.0
2025-10-01,09:34:20.000,358.0,75.0,357.5,358.5,600.0
2025-10-01,09:34:21.000,358.0,75.0,357.5,358.5,600.0
2025-10-01,09:34:22.000,358.98,300.0,358.4,359.55,525.0
2025-10-01,09:34:23.000,358.98,300.0,358.4,359.55,525.0
2025-10-01,09:34:24.000,360.05,225.0,359.5,360.6,75.0
2025-10-01,09:34:25.000,359.17,75.0,358.7,359.65,75.0
2025-10-01,09:34:26.000,359.17,75.0,358.7,359.65,75.0
2025-10-01,09:34:27.000,358.48,225.0,358.0,358.95,600.0
2025-10-01,09:34:28.000,358.48,225.0,358.0,358.95,600.0
2025-10-01,09:34:29.000,358.67,150.0,358.2,359.15,375.0
2025-10-01,09:34:30.000,357.58,450.0,357.0,358.15,150.0
2025-10-01,09:34:31.000,357.58,450.0,357.0,358.15,150.0
2025-10-01,09:34:32.000,357.72,75.0,357.15,358.3,150.0
2025-10-01,09:34:33.000,357.72,75.0,357.15,358.3,150.0
2025-10-01,09:34:34.000,357.68,75.0,357.25,358.1,75.0
2025-10-01,09:34:35.000,358.62,150.0,358.2,359.05,75.0
2025-10-01,09:34:36.000,358.62,150.0,358.2,359.05,75.0
2025-10-01,09:34:37.000,358.55,750.0,358.0,359.1,300.0
2025-10-01,09:34:38.000,358.55,750.0,358.0,359.1,300.0
2025-10-01,09:34:39.000,358.45,225.0,358.0,358.9,75.0
2025-10-01,09:34:40.000,358.25,75.0,357.8,358.7,75.0
2025-10-01,09:34:41.000,358.25,75.0,357.8,358.7,75.0
2025-10-01,09:34:42.000,358.88,75.0,358.35,359.4,375.0
2025-10-01,09:34:43.000,358.33,75.0,357.85,358.8,75.0
2025-10-01,09:34:44.000,358.33,75.0,357.85,358.8,75.0
2025-10-01,09:34:45.000,357.8,375.0,357.3,358.3,75.0
2025-10-01,09:34:46.000,357.8,375.0,357.3,358.3,75.0
2025-10-01,09:34:47.000,358.15,150.0,358.0,358.3,450.0
2025-10-01,09:34:48.000,357.55,450.0,357.1,358.0,75.0
2025-10-01,09:34:49.000,357.55,450.0,357.1,358.0,75.0
2025-10-01,09:34:50.000,357.85,75.0,357.45,358.25,75.0
2025-10-01,09:34:51.000,357.85,75.0,357.45,358.25,75.0
2025-10-01,09:34:52.000,357.62,150.0,357.3,357.95,75.0
2025-10-01,09:34:53.000,357.48,300.0,357.0,357.95,525.0
2025-10-01,09:34:54.000,357.48,300.0,357.0,357.95,525.0
2025-10-01,09:34:55.000,357.4,150.0,357.0,357.8,75.0
2025-10-01,09:34:56.000,357.4,150.0,357.0,357.8,75.0
2025-10-01,09:34:57.000,357.82,75.0,357.4,358.25,150.0
2025-10-01,09:34:58.000,357.88,525.0,357.4,358.35,450.0
2025-10-01,09:34:59.000,357.88,525.0,357.4,358.35,450.0
2025-10-01,09:35:00.000,357.7,525.0,357.2,358.2,600.0
2025-10-01,09:35:01.000,357.7,525.0,357.2,358.2,600.0
2025-10-01,09:35:02.000,358.8,525.0,358.2,359.4,750.0
2025-10-01,09:35:03.000,359.4,300.0,358.85,359.95,300.0
2025-10-01,09:35:04.000,359.4,300.0,358.85,359.95,300.0
2025-10-01,09:35:05.000,359.8,225.0,359.3,360.3,300.0
2025-10-01,09:35:06.000,359.8,225.0,359.3,360.3,300.0
2025-10-01,09:35:07.000,359.92,225.0,359.4,360.45,75.0
2025-10-01,09:35:08.000,359.62,375.0,359.1,360.15,150.0
2025-10-01,09:35:09.000,359.62,375.0,359.1,360.15,150.0
2025-10-01,09:35:10.000,359.08,450.0,358.5,359.65,375.0
2025-10-01,09:35:11.000,359.08,450.0,358.5,359.65,375.0
2025-10-01,09:35:12.000,359.48,300.0,359.0,359.95,375.0
2025-10-01,09:35:13.000,358.78,450.0,358.2,359.35,300.0
2025-10-01,09:35:14.000,358.78,450.0,358.2,359.35,300.0
2025-10-01,09:35:15.000,359.08,525.0,358.5,359.65,225.0
2025-10-01,09:35:16.000,359.08,525.0,358.5,359.65,225.0
2025-10-01,09:35:17.000,359.02,525.0,358.5,359.55,150.0
2025-10-01,09:35:18.000,358.7,525.0,358.2,359.2,75.0
2025-10-01,09:35:19.000,358.7,525.0,358.2,359.2,75.0
2025-10-01,09:35:20.000,358.22,150.0,357.75,358.7,150.0
2025-10-01,09:35:21.000,358.22,150.0,357.75,358.7,150.0
2025-10-01,09:35:22.000,358.3,375.0,357.75,358.85,300.0
2025-10-01,09:35:23.000,358.45,825.0,358.0,358.9,300.0
2025-10-01,09:35:24.000,358.45,825.0,358.0,358.9,300.0
2025-10-01,09:35:25.000,358.5,825.0,358.0,359.0,150.0
2025-10-01,09:35:26.000,358.5,825.0,358.0,359.0,150.0
2025-10-01,09:35:27.000,358.68,225.0,358.1,359.25,150.0
2025-10-01,09:35:28.000,358.65,75.0,358.05,359.25,300.0
2025-10-01,09:35:29.000,358.65,75.0,358.05,359.25,300.0
2025-10-01,09:35:30.000,358.83,75.0,358.3,359.35,75.0
2025-10-01,09:35:31.000,358.83,75.0,358.3,359.35,75.0
2025-10-01,09:35:32.000,358.6,75.0,358.1,359.1,450.0
2025-10-01,09:35:33.000,358.72,75.0,358.2,359.25,600.0
2025-10-01,09:35:34.000,358.72,75.0,358.2,359.25,600.0
2025-10-01,09:35:35.000,358.67,75.0,358.2,359.15,75.0
2025-10-01,09:35:36.000,358.67,75.0,358.2,359.15,75.0
2025-10-01,09:35:37.000,358.4,225.0,358.0,358.8,75.0
2025-10-01,09:35:38.000,358.58,75.0,358.1,359.05,75.0
2025-10-01,09:35:39.000,358.58,75.0,358.1,359.05,75.0
2025-10-01,09:35:40.000,358.08,75.0,357.5,358.65,375.0
2025-10-01,09:35:41.000,358.08,75.0,357.5,358.65,375.0
2025-10-01,09:35:42.000,357.5,300.0,357.0,358.0,150.0
2025-10-01,09:35:43.000,357.75,150.0,357.3,358.2,150.0
2025-10-01,09:35:44.000,357.75,150.0,357.3,358.2,150.0
2025-10-01,09:35:45.000,358.08,150.0,357.6,358.55,75.0
2025-10-01,09:35:46.000,358.5,150.0,358.05,358.95,375.0
2025-10-01,09:35:47.000,358.5,150.0,358.05,358.95,375.0
2025-10-01,09:35:48.000,357.85,75.0,357.4,358.3,300.0
2025-10-01,09:35:49.000,357.85,75.0,357.4,358.3,300.0
2025-10-01,09:35:50.000,358.42,150.0,358.0,358.85,75.0
2025-10-01,09:35:51.000,356.98,75.0,356.55,357.4,225.0
2025-10-01,09:35:52.000,356.98,75.0,356.55,357.4,225.0
2025-10-01,09:35:53.000,356.12,375.0,355.55,356.7,75.0
2025-10-01,09:35:54.000,356.12,375.0,355.55,356.7,75.0
2025-10-01,09:35:55.000,356.35,75.0,355.85,356.85,75.0
2025-10-01,09:35:56.000,355.98,375.0,355.5,356.45,150.0
2025-10-01,09:35:57.000,355.98,375.0,355.5,356.45,150.0
2025-10-01,09:35:58.000,355.78,75.0,355.25,356.3,225.0
2025-10-01,09:35:59.000,355.78,75.0,355.25,356.3,225.0
2025-10-01,09:36:00.000,355.65,900.0,355.2,356.1,75.0
2025-10-01,09:36:01.000,355.55,300.0,355.05,356.05,75.0
2025-10-01,09:36:02.000,355.55,300.0,355.05,356.05,75.0
2025-10-01,09:36:03.000,356.98,75.0,356.4,357.55,750.0
2025-10-01,09:36:04.000,356.98,75.0,356.4,357.55,750.0
2025-10-01,09:36:05.000,357.1,75.0,356.6,357.6,150.0
2025-10-01,09:36:06.000,357.45,525.0,357.0,357.9,300.0
2025-10-01,09:36:07.000,357.45,525.0,357.0,357.9,300.0
2025-10-01,09:36:08.000,358.28,225.0,357.75,358.8,150.0
2025-10-01,09:36:09.000,358.28,225.0,357.75,358.8,150.0
2025-10-01,09:36:10.000,357.78,75.0,357.35,358.2,300.0
2025-10-01,09:36:11.000,359.3,75.0,358.85,359.75,300.0
2025-10-01,09:36:12.000,359.3,75.0,358.85,359.75,300.0
2025-10-01,09:36:13.000,359.82,75.0,359.4,360.25,300.0
2025-10-01,09:36:14.000,359.82,75.0,359.4,360.25,300.0
2025-10-01,09:36:15.000,359.55,150.0,359.1,360.0,225.0
2025-10-01,09:36:16.000,359.82,75.0,359.45,360.2,75.0
2025-10-01,09:36:17.000,359.82,75.0,359.45,360.2,75.0
2025-10-01,09:36:18.000,359.8,75.0,359.4,360.2,75.0
2025-10-01,09:36:19.000,359.8,75.0,359.4,360.2,75.0
2025-10-01,09:36:20.000,359.68,75.0,359.25,360.1,75.0
2025-10-01,09:36:21.000,359.85,150.0,359.4,360.3,375.0
2025-10-01,09:36:22.000,359.85,150.0,359.4,360.3,375.0
2025-10-01,09:36:23.000,359.9,75.0,359.45,360.35,375.0
2025-10-01,09:36:24.000,359.9,75.0,359.45,360.35,375.0
2025-10-01,09:36:25.000,359.5,225.0,359.0,360.0,75.0
2025-10-01,09:36:26.000,359.65,375.0,359.1,360.2,450.0
2025-10-01,09:36:27.000,359.65,375.0,359.1,360.2,450.0
2025-10-01,09:36:28.000,359.72,75.0,359.25,360.2,75.0
2025-10-01,09:36:29.000,359.72,75.0,359.25,360.2,75.0
2025-10-01,09:36:30.000,359.72,150.0,359.25,360.2,75.0
2025-10-01,09:36:31.000,359.35,75.0,358.85,359.85,300.0
2025-10-01,09:36:32.000,359.35,75.0,358.85,359.85,300.0
2025-10-01,09:36:33.000,359.98,75.0,359.5,360.45,375.0
2025-10-01,09:36:34.000,359.98,75.0,359.5,360.45,375.0
2025-10-01,09:36:35.000,360.67,150.0,360.15,361.2,75.0
2025-10-01,09:36:36.000,359.72,300.0,359.25,360.2,75.0
2025-10-01,09:36:37.000,359.72,300.0,359.25,360.2,75.0
2025-10-01,09:36:38.000,359.75,75.0,359.25,360.25,675.0
2025-10-01,09:36:39.000,359.75,75.0,359.25,360.25,675.0
2025-10-01,09:36:40.000,359.78,225.0,359.25,360.3,450.0
2025-10-01,09:36:41.000,360.55,300.0,360.0,361.1,375.0
2025-10-01,09:36:42.000,360.55,300.0,360.0,361.1,375.0
2025-10-01,09:36:43.000,360.7,225.0,360.2,361.2,75.0
2025-10-01,09:36:44.000,361.1,75.0,360.55,361.65,600.0
2025-10-01,09:36:45.000,361.1,75.0,360.55,361.65,600.0
2025-10-01,09:36:46.000,360.3,225.0,359.7,360.9,150.0
2025-10-01,09:36:47.000,360.3,225.0,359.7,360.9,150.0
2025-10-01,09:36:48.000,360.33,300.0,360.1,360.55,150.0
2025-10-01,09:36:49.000,360.33,300.0,360.1,360.55,150.0
2025-10-01,09:36:50.000,360.55,225.0,360.1,361.0,150.0
2025-10-01,09:36:51.000,360.45,75.0,360.1,360.8,375.0
2025-10-01,09:36:52.000,360.45,75.0,360.1,360.8,375.0
2025-10-01,09:36:53.000,360.42,75.0,360.1,360.75,75.0
2025-10-01,09:36:54.000,360.42,75.0,360.1,360.75,75.0
2025-10-01,09:36:55.000,360.33,75.0,360.1,360.55,75.0
2025-10-01,09:36:56.000,360.45,75.0,360.1,360.8,375.0
2025-10-01,09:36:57.000,360.45,75.0,360.1,360.8,375.0
2025-10-01,09:36:58.000,360.42,75.0,360.1,360.75,525.0
2025-10-01,09:36:59.000,360.42,75.0,360.1,360.75,525.0
2025-10-01,09:37:00.000,360.48,75.0,360.1,360.85,300.0
2025-10-01,09:37:01.000,359.6,375.0,359.1,360.1,75.0
2025-10-01,09:37:02.000,359.6,375.0,359.1,360.1,75.0
2025-10-01,09:37:03.000,359.42,225.0,359.0,359.85,75.0
2025-10-01,09:37:04.000,359.42,225.0,359.0,359.85,75.0
2025-10-01,09:37:05.000,359.7,450.0,359.1,360.3,375.0
2025-10-01,09:37:06.000,360.5,75.0,360.05,360.95,75.0
2025-10-01,09:37:07.000,360.5,75.0,360.05,360.95,75.0
2025-10-01,09:37:08.000,361.12,225.0,360.6,361.65,150.0
2025-10-01,09:37:09.000,361.12,225.0,360.6,361.65,150.0
2025-10-01,09:37:10.000,361.0,75.0,360.5,361.5,450.0
2025-10-01,09:37:11.000,360.58,75.0,360.1,361.05,150.0
2025-10-01,09:37:12.000,360.58,75.0,360.1,361.05,150.0
2025-10-01,09:37:13.000,360.48,675.0,360.0,360.95,75.0
2025-10-01,09:37:14.000,360.48,675.0,360.0,360.95,75.0
2025-10-01,09:37:15.000,360.78,75.0,360.35,361.2,225.0
2025-10-01,09:37:16.000,359.72,150.0,359.25,360.2,75.0
2025-10-01,09:37:17.000,359.72,150.0,359.25,360.2,75.0
2025-10-01,09:37:18.000,359.78,225.0,359.25,360.3,150.0
2025-10-01,09:37:19.000,359.78,225.0,359.25,360.3,150.0
2025-10-01,09:37:20.000,359.78,225.0,359.25,360.3,150.0
2025-10-01,09:37:21.000,360.25,75.0,359.8,360.7,150.0
2025-10-01,09:37:22.000,360.25,75.0,359.8,360.7,150.0
2025-10-01,09:37:23.000,360.28,75.0,359.8,360.75,75.0
2025-10-01,09:37:24.000,360.28,75.0,359.8,360.75,75.0
2025-10-01,09:37:25.000,360.25,75.0,359.8,360.7,75.0
2025-10-01,09:37:26.000,360.75,150.0,360.3,361.2,300.0
2025-10-01,09:37:27.000,360.75,150.0,360.3,361.2,300.0
2025-10-01,09:37:28.000,360.5,750.0,360.0,361.0,525.0
2025-10-01,09:37:29.000,360.5,750.0,360.0,361.0,525.0
2025-10-01,09:37:30.000,361.17,450.0,360.7,361.65,75.0
2025-10-01,09:37:31.000,360.85,450.0,360.4,361.3,75.0
2025-10-01,09:37:32.000,360.85,450.0,360.4,361.3,75.0
2025-10-01,09:37:33.000,360.72,525.0,360.15,361.3,450.0
2025-10-01,09:37:34.000,360.72,525.0,360.15,361.3,450.0
2025-10-01,09:37:35.000,360.62,75.0,360.15,361.1,75.0
2025-10-01,09:37:36.000,360.45,375.0,360.0,360.9,150.0
2025-10-01,09:37:37.000,360.45,375.0,360.0,360.9,150.0
2025-10-01,09:37:38.000,360.35,150.0,359.85,360.85,75.0
2025-10-01,09:37:39.000,360.35,150.0,359.85,360.85,75.0
2025-10-01,09:37:40.000,360.28,75.0,359.8,360.75,75.0
2025-10-01,09:37:41.000,360.42,75.0,359.95,360.9,75.0
2025-10-01,09:37:42.000,360.42,75.0,359.95,360.9,75.0
2025-10-01,09:37:43.000,360.62,450.0,360.1,361.15,300.0
2025-10-01,09:37:44.000,360.62,450.0,360.1,361.15,300.0
2025-10-01,09:37:45.000,360.67,600.0,360.15,361.2,75.0
2025-10-01,09:37:46.000,360.52,375.0,360.0,361.05,525.0
2025-10-01,09:37:47.000,360.52,375.0,360.0,361.05,525.0
2025-10-01,09:37:48.000,360.32,75.0,359.75,360.9,525.0
2025-10-01,09:37:49.000,360.32,75.0,359.75,360.9,525.0
2025-10-01,09:37:50.000,360.95,150.0,360.45,361.45,375.0
2025-10-01,09:37:51.000,360.62,750.0,360.05,361.2,150.0
2025-10-01,09:37:52.000,360.62,750.0,360.05,361.2,150.0
2025-10-01,09:37:53.000,360.55,75.0,360.05,361.05,150.0
2025-10-01,09:37:54.000,360.4,150.0,359.9,360.9,75.0
2025-10-01,09:37:55.000,360.4,150.0,359.9,360.9,75.0
2025-10-01,09:37:56.000,360.7,75.0,360.2,361.2,150.0
2025-10-01,09:37:57.000,360.7,75.0,360.2,361.2,150.0
2025-10-01,09:37:58.000,360.15,75.0,359.55,360.75,225.0
2025-10-01,09:37:59.000,359.65,75.0,359.1,360.2,75.0
2025-10-01,09:38:00.000,359.65,75.0,359.1,360.2,75.0
2025-10-01,09:38:01.000,359.8,75.0,359.3,360.3,75.0
2025-10-01,09:38:02.000,359.8,75.0,359.3,360.3,75.0
2025-10-01,09:38:03.000,359.22,75.0,358.7,359.75,75.0
2025-10-01,09:38:04.000,358.67,75.0,358.2,359.15,75.0
2025-10-01,09:38:05.000,358.67,75.0,358.2,359.15,75.0
2025-10-01,09:38:06.000,358.12,75.0,357.6,358.65,375.0
2025-10-01,09:38:07.000,358.12,75.0,357.6,358.65,375.0
2025-10-01,09:38:08.000,358.6,225.0,358.05,359.15,75.0
2025-10-01,09:38:09.000,359.15,75.0,358.65,359.65,75.0
2025-10-01,09:38:10.000,359.15,75.0,358.65,359.65,75.0
2025-10-01,09:38:11.000,358.58,150.0,358.05,359.1,150.0
2025-10-01,09:38:12.000,358.58,150.0,358.05,359.1,150.0
2025-10-01,09:38:13.000,358.28,225.0,357.75,358.8,300.0
2025-10-01,09:38:14.000,357.85,450.0,357.3,358.4,600.0
2025-10-01,09:38:15.000,357.85,450.0,357.3,358.4,600.0
2025-10-01,09:38:16.000,358.4,600.0,357.9,358.9,75.0
2025-10-01,09:38:17.000,358.4,600.0,357.9,358.9,75.0
2025-10-01,09:38:18.000,358.85,75.0,358.3,359.4,750.0
2025-10-01,09:38:19.000,359.28,525.0,358.8,359.75,375.0
2025-10-01,09:38:20.000,359.28,525.0,358.8,359.75,375.0
2025-10-01,09:38:21.000,359.52,450.0,359.05,360.0,525.0
2025-10-01,09:38:22.000,359.52,450.0,359.05,360.0,525.0
2025-10-01,09:38:23.000,359.48,150.0,358.95,360.0,300.0
2025-10-01,09:38:24.000,359.08,75.0,358.55,359.6,300.0
2025-10-01,09:38:25.000,359.08,75.0,358.55,359.6,300.0
2025-10-01,09:38:26.000,358.15,75.0,357.65,358.65,375.0
2025-10-01,09:38:27.000,358.15,75.0,357.65,358.65,375.0
2025-10-01,09:38:28.000,357.0,450.0,356.45,357.55,675.0
2025-10-01,09:38:29.000,357.22,225.0,356.7,357.75,525.0
2025-10-01,09:38:30.000,357.22,225.0,356.7,357.75,525.0
2025-10-01,09:38:31.000,357.7,75.0,357.2,358.2,225.0
2025-10-01,09:38:32.000,357.7,75.0,357.2,358.2,225.0
2025-10-01,09:38:33.000,357.9,75.0,357.35,358.45,525.0
2025-10-01,09:38:34.000,358.02,75.0,357.55,358.5,75.0
2025-10-01,09:38:35.000,358.02,75.0,357.55,358.5,75.0
2025-10-01,09:38:36.000,358.6,75.0,358.05,359.15,450.0
2025-10-01,09:38:37.000,358.6,75.0,358.05,359.15,450.0
2025-10-01,09:38:38.000,358.6,75.0,358.1,359.1,375.0
2025-10-01,09:38:39.000,358.62,75.0,358.15,359.1,75.0
2025-10-01,09:38:40.000,358.62,75.0,358.15,359.1,75.0
2025-10-01,09:38:41.000,358.6,600.0,358.0,359.2,600.0
2025-10-01,09:38:42.000,358.6,600.0,358.0,359.2,600.0
2025-10-01,09:38:43.000,358.33,75.0,357.85,358.8,75.0
2025-10-01,09:38:44.000,358.17,75.0,357.7,358.65,75.0
2025-10-01,09:38:45.000,358.17,75.0,357.7,358.65,75.0
2025-10-01,09:38:46.000,359.45,75.0,358.9,360.0,600.0
2025-10-01,09:38:47.000,359.45,75.0,358.9,360.0,600.0
2025-10-01,09:38:48.000,359.33,75.0,358.8,359.85,75.0
2025-10-01,09:38:49.000,359.33,150.0,358.8,359.85,75.0
2025-10-01,09:38:50.000,359.33,150.0,358.8,359.85,75.0
2025-10-01,09:38:51.000,359.25,150.0,358.65,359.85,75.0
2025-10-01,09:38:52.000,359.25,150.0,358.65,359.85,75.0
2025-10-01,09:38:53.000,359.33,75.0,358.8,359.85,75.0
2025-10-01,09:38:54.000,358.82,75.0,358.25,359.4,525.0
2025-10-01,09:38:55.000,358.82,75.0,358.25,359.4,525.0
2025-10-01,09:38:56.000,358.58,300.0,357.95,359.2,525.0
2025-10-01,09:38:57.000,358.58,300.0,357.95,359.2,525.0
2025-10-01,09:38:58.000,358.22,75.0,357.7,358.75,300.0
2025-10-01,09:38:59.000,358.48,225.0,358.0,358.95,375.0
2025-10-01,09:39:00.000,358.48,225.0,358.0,358.95,375.0
2025-10-01,09:39:01.000,358.62,75.0,358.05,359.2,225.0
2025-10-01,09:39:02.000,358.62,75.0,358.05,359.2,225.0
2025-10-01,09:39:03.000,358.1,75.0,357.65,358.55,300.0
2025-10-01,09:39:04.000,358.15,75.0,357.65,358.65,525.0
2025-10-01,09:39:05.000,358.15,75.0,357.65,358.65,525.0
2025-10-01,09:39:06.000,358.48,225.0,358.0,358.95,75.0
2025-10-01,09:39:07.000,358.48,225.0,358.0,358.95,75.0
2025-10-01,09:39:08.000,359.4,75.0,358.85,359.95,450.0
2025-10-01,09:39:09.000,359.02,150.0,358.5,359.55,75.0
2025-10-01,09:39:10.000,359.02,150.0,358.5,359.55,75.0
2025-10-01,09:39:11.000,358.9,75.0,358.4,359.4,75.0
2025-10-01,09:39:12.000,358.9,75.0,358.4,359.4,75.0
2025-10-01,09:39:13.000,358.85,75.0,358.35,359.35,300.0
2025-10-01,09:39:14.000,359.35,75.0,358.9,359.8,375.0
2025-10-01,09:39:15.000,359.35,75.0,358.9,359.8,375.0
2025-10-01,09:39:16.000,359.58,150.0,359.0,360.15,75.0
2025-10-01,09:39:17.000,359.58,150.0,359.0,360.15,75.0
2025-10-01,09:39:18.000,360.45,75.0,360.05,360.85,75.0
2025-10-01,09:39:19.000,360.42,75.0,359.95,360.9,375.0
2025-10-01,09:39:20.000,360.42,75.0,359.95,360.9,375.0
2025-10-01,09:39:21.000,360.2,300.0,359.7,360.7,75.0
2025-10-01,09:39:22.000,360.2,300.0,359.7,360.7,75.0
2025-10-01,09:39:23.000,360.1,150.0,359.65,360.55,300.0
2025-10-01,09:39:24.000,360.28,150.0,359.85,360.7,300.0
2025-10-01,09:39:25.000,360.28,150.0,359.85,360.7,300.0
2025-10-01,09:39:26.000,360.52,150.0,360.1,360.95,75.0
2025-10-01,09:39:27.000,360.52,150.0,360.1,360.95,75.0
2025-10-01,09:39:28.000,360.7,150.0,360.25,361.15,75.0
2025-10-01,09:39:29.000,360.9,150.0,360.55,361.25,75.0
2025-10-01,09:39:30.000,360.9,150.0,360.55,361.25,75.0
2025-10-01,09:39:31.000,362.17,150.0,361.65,362.7,75.0
2025-10-01,09:39:32.000,362.42,150.0,361.85,363.0,300.0
2025-10-01,09:39:33.000,362.42,150.0,361.85,363.0,300.0
2025-10-01,09:39:34.000,362.62,150.0,362.1,363.15,75.0
2025-10-01,09:39:35.000,362.62,150.0,362.1,363.15,75.0
2025-10-01,09:39:36.000,362.22,75.0,361.65,362.8,150.0
2025-10-01,09:39:37.000,361.58,150.0,361.0,362.15,150.0
2025-10-01,09:39:38.000,361.58,150.0,361.0,362.15,150.0
2025-10-01,09:39:39.000,361.67,75.0,361.15,362.2,75.0
2025-10-01,09:39:40.000,361.67,75.0,361.15,362.2,75.0
2025-10-01,09:39:41.000,362.08,75.0,361.55,362.6,75.0
2025-10-01,09:39:42.000,362.42,150.0,361.95,362.9,300.0
2025-10-01,09:39:43.000,362.42,150.0,361.95,362.9,300.0
2025-10-01,09:39:44.000,362.67,75.0,362.15,363.2,300.0
2025-10-01,09:39:45.000,362.67,75.0,362.15,363.2,300.0
2025-10-01,09:39:46.000,362.28,75.0,361.75,362.8,300.0
2025-10-01,09:39:47.000,362.5,75.0,361.95,363.05,225.0
2025-10-01,09:39:48.000,362.5,75.0,361.95,363.05,225.0
2025-10-01,09:39:49.000,362.4,300.0,361.85,362.95,75.0
2025-10-01,09:39:50.000,362.4,300.0,361.85,362.95,75.0
2025-10-01,09:39:51.000,362.28,150.0,361.75,362.8,75.0
2025-10-01,09:39:52.000,362.75,150.0,362.25,363.25,75.0
2025-10-01,09:39:53.000,362.75,150.0,362.25,363.25,75.0
2025-10-01,09:39:54.000,362.08,75.0,361.6,362.55,75.0
2025-10-01,09:39:55.000,362.08,75.0,361.6,362.55,75.0
2025-10-01,09:39:56.000,361.9,75.0,361.35,362.45,150.0
2025-10-01,09:39:57.000,361.85,75.0,361.35,362.35,75.0
2025-10-01,09:39:58.000,361.85,75.0,361.35,362.35,75.0
2025-10-01,09:39:59.000,361.72,150.0,361.2,362.25,150.0
2025-10-01,09:40:00.000,361.72,150.0,361.2,362.25,150.0
2025-10-01,09:40:01.000,361.55,150.0,361.05,362.05,75.0
2025-10-01,09:40:02.000,361.25,75.0,360.65,361.85,225.0
2025-10-01,09:40:03.000,361.25,75.0,360.65,361.85,225.0
2025-10-01,09:40:04.000,361.08,225.0,360.5,361.65,75.0
2025-10-01,09:40:05.000,361.08,225.0,360.5,361.65,75.0
2025-10-01,09:40:06.000,361.92,75.0,361.4,362.45,225.0
2025-10-01,09:40:07.000,362.0,75.0,361.5,362.5,300.0
2025-10-01,09:40:08.000,362.0,75.0,361.5,362.5,300.0
2025-10-01,09:40:09.000,361.8,225.0,361.35,362.25,75.0
2025-10-01,09:40:10.000,361.8,225.0,361.35,362.25,75.0
2025-10-01,09:40:11.000,361.82,150.0,361.4,362.25,75.0
2025-10-01,09:40:12.000,361.75,75.0,361.25,362.25,300.0
2025-10-01,09:40:13.000,361.75,75.0,361.25,362.25,300.0
2025-10-01,09:40:14.000,361.38,75.0,361.05,361.7,150.0
2025-10-01,09:40:15.000,360.65,75.0,360.25,361.05,300.0
2025-10-01,09:40:16.000,360.65,75.0,360.25,361.05,300.0
2025-10-01,09:40:17.000,360.85,75.0,360.4,361.3,75.0
2025-10-01,09:40:18.000,360.85,75.0,360.4,361.3,75.0
2025-10-01,09:40:19.000,360.48,600.0,360.0,360.95,675.0
2025-10-01,09:40:20.000,360.68,75.0,360.25,361.1,150.0
2025-10-01,09:40:21.000,360.68,75.0,360.25,361.1,150.0
2025-10-01,09:40:22.000,360.0,75.0,359.5,360.5,450.0
2025-10-01,09:40:23.000,360.0,75.0,359.5,360.5,450.0
2025-10-01,09:40:24.000,360.1,150.0,359.6,360.6,225.0
2025-10-01,09:40:25.000,360.2,75.0,359.75,360.65,300.0
2025-10-01,09:40:26.000,360.2,75.0,359.75,360.65,300.0
2025-10-01,09:40:27.000,360.55,150.0,360.1,361.0,75.0
2025-10-01,09:40:28.000,360.55,150.0,360.1,361.0,75.0
2025-10-01,09:40:29.000,359.95,75.0,359.5,360.4,600.0
2025-10-01,09:40:30.000,360.05,75.0,359.6,360.5,375.0
2025-10-01,09:40:31.000,360.05,75.0,359.6,360.5,375.0
2025-10-01,09:40:32.000,359.8,75.0,359.3,360.3,225.0
2025-10-01,09:40:33.000,359.48,450.0,359.05,359.9,75.0
2025-10-01,09:40:34.000,359.48,450.0,359.05,359.9,75.0
2025-10-01,09:40:35.000,359.98,75.0,359.5,360.45,525.0
2025-10-01,09:40:36.000,359.98,75.0,359.5,360.45,525.0
2025-10-01,09:40:37.000,359.88,150.0,359.4,360.35,75.0
2025-10-01,09:40:38.000,359.2,75.0,358.75,359.65,75.0
2025-10-01,09:40:39.000,359.2,75.0,358.75,359.65,75.0
2025-10-01,09:40:40.000,359.45,450.0,359.0,359.9,525.0
2025-10-01,09:40:41.000,359.45,450.0,359.0,359.9,525.0
2025-10-01,09:40:42.000,359.15,75.0,358.7,359.6,375.0
2025-10-01,09:40:43.000,358.8,600.0,358.3,359.3,675.0
2025-10-01,09:40:44.000,358.8,600.0,358.3,359.3,675.0
2025-10-01,09:40:45.000,358.48,600.0,358.0,358.95,75.0
2025-10-01,09:40:46.000,358.48,600.0,358.0,358.95,75.0
2025-10-01,09:40:47.000,360.52,75.0,360.1,360.95,75.0
2025-10-01,09:40:48.000,360.8,75.0,360.6,361.0,75.0
2025-10-01,09:40:49.000,360.8,75.0,360.6,361.0,75.0
2025-10-01,09:40:50.000,361.38,75.0,360.85,361.9,300.0
2025-10-01,09:40:51.000,361.38,75.0,360.85,361.9,300.0
2025-10-01,09:40:52.000,360.85,525.0,360.3,361.4,225.0
2025-10-01,09:40:53.000,360.88,225.0,360.4,361.35,150.0
2025-10-01,09:40:54.000,360.88,225.0,360.4,361.35,150.0
2025-10-01,09:40:55.000,361.62,75.0,361.1,362.15,75.0
2025-10-01,09:40:56.000,361.62,75.0,361.1,362.15,75.0
2025-10-01,09:40:57.000,361.58,600.0,361.05,362.1,300.0
2025-10-01,09:40:58.000,361.22,450.0,360.7,361.75,375.0
2025-10-01,09:40:59.000,361.22,450.0,360.7,361.75,375.0
2025-10-01,09:41:00.000,361.38,75.0,360.95,361.8,525.0
2025-10-01,09:41:01.000,361.38,75.0,360.95,361.8,525.0
2025-10-01,09:41:02.000,362.25,75.0,361.75,362.75,525.0
2025-10-01,09:41:03.000,362.98,225.0,362.4,363.55,525.0
2025-10-01,09:41:04.000,362.98,225.0,362.4,363.55,525.0
2025-10-01,09:41:05.000,363.75,225.0,363.15,364.35,75.0
2025-10-01,09:41:06.000,363.75,225.0,363.15,364.35,75.0
2025-10-01,09:41:07.000,362.82,825.0,362.25,363.4,375.0
2025-10-01,09:41:08.000,362.65,75.0,362.15,363.15,225.0
2025-10-01,09:41:09.000,362.65,75.0,362.15,363.15,225.0
2025-10-01,09:41:10.000,363.17,300.0,362.7,363.65,525.0
2025-10-01,09:41:11.000,363.17,300.0,362.7,363.65,525.0
2025-10-01,09:41:12.000,363.9,600.0,363.4,364.4,525.0
2025-10-01,09:41:13.000,364.38,225.0,363.8,364.95,825.0
2025-10-01,09:41:14.000,364.38,225.0,363.8,364.95,825.0
2025-10-01,09:41:15.000,364.45,150.0,363.95,364.95,75.0
2025-10-01,09:41:16.000,364.45,150.0,363.95,364.95,75.0
2025-10-01,09:41:17.000,364.48,225.0,363.95,365.0,75.0
2025-10-01,09:41:18.000,364.4,225.0,364.0,364.8,225.0
2025-10-01,09:41:19.000,364.4,225.0,364.0,364.8,225.0
2025-10-01,09:41:20.000,364.5,75.0,364.15,364.85,75.0
2025-10-01,09:41:21.000,364.5,75.0,364.15,364.85,75.0
2025-10-01,09:41:22.000,364.55,75.0,364.15,364.95,225.0
2025-10-01,09:41:23.000,364.5,75.0,364.15,364.85,300.0
2025-10-01,09:41:24.000,364.5,75.0,364.15,364.85,300.0
2025-10-01,09:41:25.000,363.7,75.0,363.1,364.3,300.0
2025-10-01,09:41:26.000,363.52,75.0,363.0,364.05,225.0
2025-10-01,09:41:27.000,363.52,75.0,363.0,364.05,225.0
2025-10-01,09:41:28.000,363.2,225.0,362.65,363.75,225.0
2025-10-01,09:41:29.000,363.2,225.0,362.65,363.75,225.0
2025-10-01,09:41:30.000,363.08,75.0,362.5,363.65,225.0
2025-10-01,09:41:31.000,363.25,75.0,362.75,363.75,300.0
2025-10-01,09:41:32.000,363.25,75.0,362.75,363.75,300.0
2025-10-01,09:41:33.000,362.4,75.0,361.85,362.95,225.0
2025-10-01,09:41:34.000,362.4,75.0,361.85,362.95,225.0
2025-10-01,09:41:35.000,362.5,75.0,361.95,363.05,225.0
2025-10-01,09:41:36.000,362.78,150.0,362.2,363.35,675.0
2025-10-01,09:41:37.000,362.78,150.0,362.2,363.35,675.0
2025-10-01,09:41:38.000,362.72,225.0,362.1,363.35,225.0
2025-10-01,09:41:39.000,362.72,225.0,362.1,363.35,225.0
2025-10-01,09:41:40.000,363.2,300.0,362.55,363.85,300.0
2025-10-01,09:41:41.000,363.58,600.0,362.95,364.2,75.0
2025-10-01,09:41:42.000,363.58,600.0,362.95,364.2,75.0
2025-10-01,09:41:43.000,363.22,75.0,362.7,363.75,375.0
2025-10-01,09:41:44.000,363.15,75.0,362.6,363.7,225.0
2025-10-01,09:41:45.000,363.15,75.0,362.6,363.7,225.0
2025-10-01,09:41:46.000,363.15,450.0,362.6,363.7,300.0
2025-10-01,09:41:47.000,363.15,450.0,362.6,363.7,300.0
2025-10-01,09:41:48.000,362.85,75.0,362.3,363.4,225.0
2025-10-01,09:41:49.000,362.9,75.0,362.35,363.45,300.0
2025-10-01,09:41:50.000,362.9,75.0,362.35,363.45,300.0
2025-10-01,09:41:51.000,362.8,75.0,362.3,363.3,375.0
2025-10-01,09:41:52.000,362.8,75.0,362.3,363.3,375.0
2025-10-01,09:41:53.000,362.98,75.0,362.45,363.5,75.0
2025-10-01,09:41:54.000,363.12,375.0,362.5,363.75,375.0
2025-10-01,09:41:55.000,363.12,375.0,362.5,363.75,375.0
2025-10-01,09:41:56.000,362.5,225.0,361.9,363.1,150.0
2025-10-01,09:41:57.000,362.5,225.0,361.9,363.1,150.0
2025-10-01,09:41:58.000,362.9,450.0,362.35,363.45,300.0
2025-10-01,09:41:59.000,363.78,375.0,363.15,364.4,375.0
2025-10-01,09:42:00.000,363.78,375.0,363.15,364.4,375.0
2025-10-01,09:42:01.000,363.4,150.0,362.95,363.85,225.0
2025-10-01,09:42:02.000,363.4,150.0,362.95,363.85,225.0
2025-10-01,09:42:03.000,362.9,150.0,362.5,363.3,75.0
2025-10-01,09:42:04.000,364.08,150.0,363.7,364.45,375.0
2025-10-01,09:42:05.000,364.08,150.0,363.7,364.45,375.0
2025-10-01,09:42:06.000,363.78,150.0,363.35,364.2,525.0
2025-10-01,09:42:07.000,363.78,150.0,363.35,364.2,525.0
2025-10-01,09:42:08.000,363.68,225.0,363.35,364.0,300.0
2025-10-01,09:42:09.000,363.7,150.0,363.4,364.0,300.0
2025-10-01,09:42:10.000,363.7,150.0,363.4,364.0,300.0
2025-10-01,09:42:11.000,363.85,150.0,363.4,364.3,300.0
2025-10-01,09:42:12.000,363.85,150.0,363.4,364.3,300.0
2025-10-01,09:42:13.000,364.0,150.0,363.65,364.35,300.0
2025-10-01,09:42:14.000,364.2,150.0,363.75,364.65,225.0
2025-10-01,09:42:15.000,364.2,150.0,363.75,364.65,225.0
2025-10-01,09:42:16.000,363.7,225.0,363.15,364.25,75.0
2025-10-01,09:42:17.000,363.7,225.0,363.15,364.25,75.0
2025-10-01,09:42:18.000,363.48,225.0,363.0,363.95,225.0
2025-10-01,09:42:19.000,363.95,300.0,363.45,364.45,225.0
2025-10-01,09:42:20.000,363.95,300.0,363.45,364.45,225.0
2025-10-01,09:42:21.000,363.72,75.0,363.2,364.25,525.0
2025-10-01,09:42:22.000,363.72,75.0,363.2,364.25,525.0
2025-10-01,09:42:23.000,365.62,300.0,365.1,366.15,150.0
2025-10-01,09:42:24.000,366.15,225.0,365.65,366.65,750.0
2025-10-01,09:42:25.000,366.15,225.0,365.65,366.65,750.0
2025-10-01,09:42:26.000,366.32,150.0,365.9,366.75,225.0
2025-10-01,09:42:27.000,366.32,150.0,365.9,366.75,225.0
2025-10-01,09:42:28.000,366.83,75.0,366.3,367.35,450.0
2025-10-01,09:42:29.000,365.85,75.0,365.4,366.3,375.0
2025-10-01,09:42:30.000,365.85,75.0,365.4,366.3,375.0
2025-10-01,09:42:31.000,366.08,225.0,365.7,366.45,375.0
2025-10-01,09:42:32.000,366.08,225.0,365.7,366.45,375.0
2025-10-01,09:42:33.000,366.05,375.0,365.55,366.55,75.0
2025-10-01,09:42:34.000,366.38,75.0,366.0,366.75,525.0
2025-10-01,09:42:35.000,366.38,75.0,366.0,366.75,525.0
2025-10-01,09:42:36.000,366.22,75.0,365.7,366.75,225.0
2025-10-01,09:42:37.000,366.22,75.0,365.7,366.75,225.0
2025-10-01,09:42:38.000,366.1,225.0,365.7,366.5,75.0
2025-10-01,09:42:39.000,366.18,75.0,365.75,366.6,375.0
2025-10-01,09:42:40.000,366.18,75.0,365.75,366.6,375.0
2025-10-01,09:42:41.000,367.55,150.0,367.1,368.0,150.0
2025-10-01,09:42:42.000,367.48,150.0,366.95,368.0,150.0
2025-10-01,09:42:43.000,367.48,150.0,366.95,368.0,150.0
2025-10-01,09:42:44.000,366.5,450.0,366.0,367.0,300.0
2025-10-01,09:42:45.000,366.5,450.0,366.0,367.0,300.0
2025-10-01,09:42:46.000,366.72,525.0,366.15,367.3,375.0
2025-10-01,09:42:47.000,367.4,300.0,366.85,367.95,900.0
2025-10-01,09:42:48.000,367.4,300.0,366.85,367.95,900.0
2025-10-01,09:42:49.000,366.67,75.0,366.15,367.2,75.0
2025-10-01,09:42:50.000,366.67,75.0,366.15,367.2,75.0
2025-10-01,09:42:51.000,366.2,150.0,365.7,366.7,225.0
2025-10-01,09:42:52.000,366.38,150.0,365.85,366.9,375.0
2025-10-01,09:42:53.000,366.38,150.0,365.85,366.9,375.0
2025-10-01,09:42:54.000,366.42,375.0,365.95,366.9,300.0
2025-10-01,09:42:55.000,366.42,375.0,365.95,366.9,300.0
2025-10-01,09:42:56.000,366.15,75.0,365.7,366.6,75.0
2025-10-01,09:42:57.000,365.95,375.0,365.45,366.45,75.0
2025-10-01,09:42:58.000,365.95,375.0,365.45,366.45,75.0
2025-10-01,09:42:59.000,366.2,75.0,365.65,366.75,525.0
2025-10-01,09:43:00.000,366.2,75.0,365.65,366.75,525.0
2025-10-01,09:43:01.000,366.02,75.0,365.5,366.55,75.0
2025-10-01,09:43:02.000,366.67,150.0,366.15,367.2,525.0
2025-10-01,09:43:03.000,366.67,150.0,366.15,367.2,525.0
2025-10-01,09:43:04.000,366.2,525.0,365.65,366.75,375.0
2025-10-01,09:43:05.000,366.2,525.0,365.65,366.75,375.0
2025-10-01,09:43:06.000,365.85,75.0,365.4,366.3,75.0
2025-10-01,09:43:07.000,365.85,600.0,365.25,366.45,600.0
2025-10-01,09:43:08.000,365.85,600.0,365.25,366.45,600.0
2025-10-01,09:43:09.000,365.9,675.0,365.35,366.45,75.0
2025-10-01,09:43:10.000,365.9,675.0,365.35,366.45,75.0
2025-10-01,09:43:11.000,365.78,75.0,365.2,366.35,150.0
2025-10-01,09:43:12.000,366.32,375.0,365.65,367.0,300.0
2025-10-01,09:43:13.000,366.32,375.0,365.65,367.0,300.0
2025-10-01,09:43:14.000,365.6,225.0,365.2,366.0,300.0
2025-10-01,09:43:15.000,365.6,225.0,365.2,366.0,300.0
2025-10-01,09:43:16.000,366.02,150.0,365.6,366.45,150.0
2025-10-01,09:43:17.000,366.55,300.0,366.1,367.0,375.0
2025-10-01,09:43:18.000,366.55,300.0,366.1,367.0,375.0
2025-10-01,09:43:19.000,367.02,150.0,366.65,367.4,375.0
2025-10-01,09:43:20.000,367.02,150.0,366.65,367.4,375.0
2025-10-01,09:43:21.000,368.25,150.0,367.45,369.05,150.0
2025-10-01,09:43:22.000,368.4,75.0,367.85,368.95,375.0
2025-10-01,09:43:23.000,368.4,75.0,367.85,368.95,375.0
2025-10-01,09:43:24.000,368.52,150.0,368.1,368.95,525.0
2025-10-01,09:43:25.000,368.52,150.0,368.1,368.95,525.0
2025-10-01,09:43:26.000,368.82,150.0,368.25,369.4,150.0
2025-10-01,09:43:27.000,368.48,150.0,367.95,369.0,375.0
2025-10-01,09:43:28.000,368.48,150.0,367.95,369.0,375.0
2025-10-01,09:43:29.000,367.68,600.0,367.1,368.25,525.0
2025-10-01,09:43:30.000,367.68,600.0,367.1,368.25,525.0
2025-10-01,09:43:31.000,367.05,75.0,366.5,367.6,450.0
2025-10-01,09:43:32.000,366.42,75.0,365.95,366.9,225.0
2025-10-01,09:43:33.000,366.42,75.0,365.95,366.9,225.0
2025-10-01,09:43:34.000,366.7,75.0,366.1,367.3,375.0
2025-10-01,09:43:35.000,366.7,75.0,366.1,367.3,375.0
2025-10-01,09:43:36.000,366.75,75.0,366.2,367.3,525.0
2025-10-01,09:43:37.000,366.4,75.0,365.9,366.9,300.0
2025-10-01,09:43:38.000,366.4,75.0,365.9,366.9,300.0
2025-10-01,09:43:39.000,366.15,75.0,365.6,366.7,450.0
2025-10-01,09:43:40.000,366.15,75.0,365.6,366.7,450.0
2025-10-01,09:43:41.000,365.82,300.0,365.2,366.45,375.0
2025-10-01,09:43:42.000,365.28,150.0,364.6,365.95,300.0
2025-10-01,09:43:43.000,365.28,150.0,364.6,365.95,300.0
2025-10-01,09:43:44.000,366.3,150.0,365.65,366.95,150.0
2025-10-01,09:43:45.000,366.3,150.0,365.65,366.95,150.0
2025-10-01,09:43:46.000,366.85,150.0,366.35,367.35,150.0
2025-10-01,09:43:47.000,368.0,150.0,367.55,368.45,375.0
2025-10-01,09:43:48.000,368.0,150.0,367.55,368.45,375.0
2025-10-01,09:43:49.000,368.42,150.0,367.9,368.95,225.0
2025-10-01,09:43:50.000,368.42,150.0,367.9,368.95,225.0
2025-10-01,09:43:51.000,368.38,150.0,367.95,368.8,225.0
2025-10-01,09:43:52.000,367.52,150.0,367.05,368.0,375.0
2025-10-01,09:43:53.000,367.52,150.0,367.05,368.0,375.0
2025-10-01,09:43:54.000,367.85,225.0,367.45,368.25,225.0
2025-10-01,09:43:55.000,367.85,225.0,367.45,368.25,225.0
2025-10-01,09:43:56.000,369.2,375.0,368.6,369.8,225.0
2025-10-01,09:43:57.000,369.67,150.0,369.4,369.95,75.0
2025-10-01,09:43:58.000,369.67,150.0,369.4,369.95,75.0
2025-10-01,09:43:59.000,371.28,75.0,370.6,371.95,450.0
2025-10-01,09:44:00.000,371.28,75.0,370.6,371.95,450.0
2025-10-01,09:44:01.000,370.52,450.0,369.85,371.2,225.0
2025-10-01,09:44:02.000,370.15,75.0,369.75,370.55,150.0
2025-10-01,09:44:03.000,370.15,75.0,369.75,370.55,150.0
2025-10-01,09:44:04.000,370.67,75.0,370.15,371.2,450.0
2025-10-01,09:44:05.000,370.67,75.0,370.15,371.2,450.0
2025-10-01,09:44:06.000,371.8,75.0,371.6,372.0,750.0
2025-10-01,09:44:07.000,371.22,75.0,370.7,371.75,300.0
2025-10-01,09:44:08.000,371.22,75.0,370.7,371.75,300.0
2025-10-01,09:44:09.000,371.65,75.0,371.3,372.0,750.0
2025-10-01,09:44:10.000,371.65,75.0,371.3,372.0,750.0
2025-10-01,09:44:11.000,371.75,75.0,371.25,372.25,300.0
2025-10-01,09:44:12.000,372.0,75.0,371.4,372.6,600.0
2025-10-01,09:44:13.000,372.0,75.0,371.4,372.6,600.0
2025-10-01,09:44:14.000,372.2,75.0,371.6,372.8,225.0
2025-10-01,09:44:15.000,372.2,75.0,371.6,372.8,225.0
2025-10-01,09:44:16.000,372.22,75.0,371.7,372.75,600.0
2025-10-01,09:44:17.000,373.22,75.0,372.7,373.75,450.0
2025-10-01,09:44:18.000,373.22,75.0,372.7,373.75,450.0
2025-10-01,09:44:19.000,373.3,75.0,372.85,373.75,300.0
2025-10-01,09:44:20.000,373.3,75.0,372.85,373.75,300.0
2025-10-01,09:44:21.000,372.95,75.0,372.45,373.45,450.0
2025-10-01,09:44:22.000,373.18,150.0,372.55,373.8,150.0
2025-10-01,09:44:23.000,373.18,150.0,372.55,373.8,150.0
2025-10-01,09:44:24.000,373.25,75.0,372.75,373.75,150.0
2025-10-01,09:44:25.000,373.25,75.0,372.75,373.75,150.0
2025-10-01,09:44:26.000,374.35,150.0,374.3,374.4,75.0
2025-10-01,09:44:27.000,375.42,75.0,374.9,375.95,150.0
2025-10-01,09:44:28.000,375.42,75.0,374.9,375.95,150.0
2025-10-01,09:44:29.000,375.38,75.0,374.9,375.85,300.0
2025-10-01,09:44:30.000,375.38,75.0,374.9,375.85,300.0
2025-10-01,09:44:31.000,375.32,525.0,374.7,375.95,150.0
2025-10-01,09:44:32.000,374.9,525.0,374.05,375.75,225.0
2025-10-01,09:44:33.000,374.9,525.0,374.05,375.75,225.0
2025-10-01,09:44:34.000,374.0,225.0,373.15,374.85,225.0
2025-10-01,09:44:35.000,374.0,225.0,373.15,374.85,225.0
2025-10-01,09:44:36.000,374.45,75.0,373.9,375.0,525.0
2025-10-01,09:44:37.000,373.95,75.0,373.3,374.6,150.0
2025-10-01,09:44:38.000,373.95,75.0,373.3,374.6,150.0
2025-10-01,09:44:39.000,373.4,525.0,372.65,374.15,375.0
2025-10-01,09:44:40.000,373.4,525.0,372.65,374.15,375.0
2025-10-01,09:44:41.000,373.22,75.0,372.7,373.75,225.0
2025-10-01,09:44:42.000,372.98,75.0,372.45,373.5,375.0
2025-10-01,09:44:43.000,372.98,75.0,372.45,373.5,375.0
2025-10-01,09:44:44.000,372.98,75.0,372.45,373.5,150.0
2025-10-01,09:44:45.000,372.98,75.0,372.45,373.5,150.0
2025-10-01,09:44:46.000,373.78,75.0,373.3,374.25,225.0
2025-10-01,09:44:47.000,375.2,75.0,374.55,375.85,525.0
2025-10-01,09:44:48.000,375.2,75.0,374.55,375.85,525.0
2025-10-01,09:44:49.000,374.65,225.0,374.0,375.3,225.0
2025-10-01,09:44:50.000,374.65,225.0,374.0,375.3,225.0
2025-10-01,09:44:51.000,374.15,75.0,373.55,374.75,75.0
2025-10-01,09:44:52.000,374.08,300.0,373.5,374.65,75.0
2025-10-01,09:44:53.000,374.08,300.0,373.5,374.65,75.0
2025-10-01,09:44:54.000,373.68,75.0,373.1,374.25,375.0
2025-10-01,09:44:55.000,373.68,75.0,373.1,374.25,375.0
2025-10-01,09:44:56.000,373.62,75.0,373.1,374.15,450.0
2025-10-01,09:44:57.000,373.42,75.0,372.9,373.95,225.0
2025-10-01,09:44:58.000,373.42,75.0,372.9,373.95,225.0
2025-10-01,09:44:59.000,373.25,375.0,372.55,373.95,300.0
2025-10-01,09:45:00.000,373.25,375.0,372.55,373.95,300.0
2025-10-01,09:45:01.000,372.25,375.0,371.65,372.85,225.0
2025-10-01,09:45:02.000,371.55,75.0,371.1,372.0,525.0
2025-10-01,09:45:03.000,371.55,75.0,371.1,372.0,525.0
2025-10-01,09:45:04.000,372.0,75.0,371.45,372.55,150.0
2025-10-01,09:45:05.000,372.0,75.0,371.45,372.55,150.0
2025-10-01,09:45:06.000,372.3,75.0,371.85,372.75,225.0
